@article{Oldeman1968,
author = {Oldeman, RAA},
file = {:P$\backslash$:/Private/Taff/These/Biblio/Concepts/1968-Oldeman-Sur{\_}la{\_}valeur{\_}des{\_}noms{\_}vernaculaires{\_}des{\_}plantes{\_}en{\_}Guyane{\_}Francaise.pdf:pdf},
journal = {Bois. For. Trop},
number = {117},
pages = {17--23},
title = {{Sur la valeur des noms vernaculaires des plantes en Guyane Fran{\c{c}}aise}},
url = {http://bft.cirad.fr/cd/BFT{\_}117{\_}17-23.pdf},
volume = {117},
year = {1968}
}

@article{Baraloto2012,
author = {Baraloto, Christopher and Molto, Quentin and Rabaud, Suzanne and H{\'{e}}rault, Bruno and Valencia, Renato and Blanc, Lilian and Fine, Paul V A and Thompson, Jill},
file = {:/roucou/Ariane.Mirabel{\$}/Private/Taff/These/Biblio/Maths{\_}Methods{\_}Models/TaxonomicUncertainty/2012-Baraloto-Rapid{\_}simultaneous{\_}estimation{\_}of{\_}aboverground{\_}biomass{\_}and{\_}tree{\_}diversity{\_}across{\_}neotropical{\_}forests{\_}a{\_}comparison{\_}of{\_}field{\_}inventory{\_}methods.pdf:pdf},
journal = {Biotropica},
keywords = {biodiversity assessment,carbon stocks,monitoring,permanent plot,survey,tropical rain forest},
number = {0},
pages = {1--11},
title = {{Rapid Simultaneous Estimation of Aboveground Biomass and Tree Diversity Across Neotropical Forests: A Comparison of Field Inventory Methods Â´}},
volume = {0},
year = {2012}
}

@article{Guitet2014,
author = {Guitet, St{\'{e}}phane and Sabatier, Daniel and Brunaux, Olivier and H{\'{e}}rault, Bruno and Aubry-Kientz, M{\'{e}}laine and Molino, Jean-Fran{\c{c}}ois Fran{\c{c}}ois and Baraloto, Christopher},
doi = {10.1016/j.foreco.2014.05.045},
file = {:C$\backslash$:/Users/ariane.mirabel/AppData/Local/Mendeley Ltd./Mendeley Desktop/Downloaded/Guitet et al. - 2014 - Estimating tropical tree diversity indices from forestry surveys A method to integrate taxonomic uncertainty.pdf:pdf;:C$\backslash$:/Users/ariane.mirabel/AppData/Local/Mendeley Ltd./Mendeley Desktop/Downloaded/Guitet et al. - 2014 - Estimating tropical tree diversity indices from forestry surveys A method to integrate taxonomic uncertainty(2).pdf:pdf;:C$\backslash$:/Users/ariane.mirabel/AppData/Local/Mendeley Ltd./Mendeley Desktop/Downloaded/Guitet et al. - 2014 - Estimating tropical tree diversity indices from forestry surveys A method to integrate taxonomic uncertainty(3).pdf:pdf},
isbn = {0378-1127},
issn = {03781127},
journal = {Forest Ecology and Management},
keywords = {Diversity,French guiana,Landscape scale,Monte-Carlo process,Rainforest,Tree community},
mendeley-groups = {These/Maths,These/Exploitation{\&}Dynamics,These},
pages = {270--281},
title = {{Estimating tropical tree diversity indices from forestry surveys: A method to integrate taxonomic uncertainty}},
url = {http://linkinghub.elsevier.com/retrieve/pii/S037811271400351X},
volume = {328},
year = {2014}
}

@article{Steege2000,
author = {{Ter Steege}, Hans and Sabatier, Daniel and Castellanos, Hern{\'{a}}n and Andel, Tinde Van and Duivenvoorden, Joost and Oliveira, Alexandre Adalardo De and Ek, Renske and Lilwah, Ramesh and Maas, Paul and Mori, Scott},
doi = {10.1017/S0266467400001735},
isbn = {0266-4674},
issn = {02664674},
journal = {Journal of Tropical Ecology},
keywords = {Amazonia,Guiana Shield,floristic composition,ra},
number = {6},
pages = {801--828},
pmid = {3956},
publisher = {AgroParisTech},
title = {{An analysis of the floristic composition and diversity of Amazonian forest including those of the Guiana Shield}},
volume = {16},
year = {2000}
}


@article{Feeley2011,
author = {Feeley, Kenneth J. and Silman, Miles R.},
doi = {10.1111/j.1365-2486.2010.02239.x},
isbn = {1365-2486},
issn = {13541013},
journal = {Global Change Biology},
keywords = {Bioclimatic niche envelope,Climate change,Conservation biogeography,Habitat modeling,Natural history collections,Species migrations,Tropical plants},
number = {1},
pages = {626--630},
title = {{The data void in modeling current and future distributions of tropical species}},
volume = {17},
year = {2011}
}
