@article{Funk2017,
author = {Funk, Jennifer L. and Larson, Julie E. and Ames, Gregory M. and Butterfield, Bradley J. and Cavender-Bares, Jeannine and Firn, Jennifer and Laughlin, Daniel C. and Sutton-Grier, Ariana E. and Williams, Laura and Wright, Justin},
doi = {10.1111/brv.12275},
file = {:P$\backslash$:/Private/Taff/These/Biblio/Functional{\&}Phylo{\_}Diversity/2017-Funk-revisiting{\_}the{\_}holy{\_}grail{\_}using{\_}plant{\_}unctional{\_}traits{\_}to{\_}understand{\_}ecological{\_}processes.pdf:pdf},
isbn = {1714744795},
issn = {14647931},
journal = {Biological Reviews},
keywords = {community assembly,diversity,ecological modelling,effect traits,functional,intraspecific variation,leaf economics spectrum,response traits},
number = {2},
pages = {1156--1173},
pmid = {27103505},
title = {{Revisiting the Holy Grail: using plant functional traits to understand ecological processes}},
url = {http://doi.wiley.com/10.1111/brv.12275},
volume = {92},
year = {2017}
}

@article{Hubbell1999,
author = {Hubbell, S P and Foster, R B and O'Brien, S T and Harms, K E and Condit, R and Wechsler, B and Wright, S J and {De Lao}, S Loo},
isbn = {0036-8075},
issn = {0036-8075},
journal = {Science (Washington D C)},
keywords = {Environmental Sciences,Neotropical region,Panama : Central America,Plantae,Spermatophyta : Plants,Spermatophytes,Terrestrial Ecology: Ecology,Vascular Plants,[25000 ] Spermatophyta,light gap disturbance,recruitment limitation,sapling density,seedling establishment,species diversity,species richness},
number = {5401},
pages = {554--557},
title = {{Light-gap disturbances, recruitment limitation, and tree diversity in a neotropical forest}},
volume = {283},
year = {1999}
}

@article{Molino2001,
author = {Molino, J F and Sabatier, Daniel},
doi = {10.1126/science.1060284},
file = {:C$\backslash$:/Users/ariane.mirabel/AppData/Local/Mendeley Ltd./Mendeley Desktop/Downloaded/Molino, Sabatier - 2001 - Tree diversity in tropical rain forests a validation of the intermediate disturbance hypothesis.pdf:pdf},
isbn = {0036-8075},
issn = {0036-8075},
journal = {Science (New York, N.Y.)},
mendeley-groups = {These/ForestDynamics},
number = {5547},
pages = {1702--1704},
pmid = {11721052},
title = {{Tree diversity in tropical rain forests: a validation of the intermediate disturbance hypothesis.}},
volume = {294},
year = {2001}
}

@article{Kariuki2006a,
author = {Kariuki, Maina and Kooyman, Robert M. and Smith, R. G B and Wardell-Johnson, Grant and Vanclay, Jerome K.},
doi = {10.1016/j.foreco.2006.09.021},
file = {:C$\backslash$:/Users/ariane.mirabel/AppData/Local/Mendeley Ltd./Mendeley Desktop/Downloaded/Kariuki et al. - 2006 - Regeneration changes in tree species abundance, diversity and structure in logged and unlogged subtropical rainf.pdf:pdf},
isbn = {0378-1127},
issn = {03781127},
journal = {Forest Ecology and Management},
keywords = {Chronological clustering,Disturbance levels,Functional-group compositions,Tree diameter distribution},
mendeley-groups = {These/Exploitation{\&}Diversity},
number = {2-3},
pages = {162--176},
title = {{Regeneration changes in tree species abundance, diversity and structure in logged and unlogged subtropical rainforest over a 36-year period}},
volume = {236},
year = {2006}
}

@article{Berry2008a,
author = {Berry, Nicholas J. and Phillips, Oliver L. and Ong, Robert C. and Hamer, Keith C.},
doi = {10.1007/s10980-008-9248-1},
file = {:C$\backslash$:/Users/ariane.mirabel/AppData/Local/Mendeley Ltd./Mendeley Desktop/Downloaded/Berry et al. - 2008 - Impacts of selective logging on tree diversity across a rainforest landscape The importance of spatial scale.pdf:pdf},
isbn = {0921-2973},
issn = {09212973},
journal = {Landscape Ecology},
keywords = {Alpha-diversity,Beta-diversity,Borneo,Danum Valley,Disturbance,Gap dynamics,Tropical rain forest,Vegetation structure},
mendeley-groups = {These/Exploitation{\&}Diversity},
number = {8},
pages = {915--929},
title = {{Impacts of selective logging on tree diversity across a rainforest landscape: The importance of spatial scale}},
volume = {23},
year = {2008}
}
