@article{Otani2018,
  title={Recovery of above-ground tree biomass after moderate selective logging in a central Amazonian forest},
  author={Otani, Tatsuya and Lima, Adriano JN and Suwa, Rempei and Amaral, Marcio RM and Ohashi, Shinta and Pinto, Alberto CM and Dos Santos, Joaquim and Kajimoto, Takuya and Higuchi, Niro and Ishizuka, Moriyoshi},
  journal={iForest-Biogeosciences and Forestry},
  volume={11},
  number={3},
  pages={352},
  year={2018},
  publisher={SISEF-Italian Society of Silviculture and Forest Ecology}
}