
@article{Busing2002,
  title={Tree species diversity in temperate and tropical forest gaps: the role of lottery recruitment},
  author={Busing, Richard T and Brokaw, Nicholas},
  journal={Folia geobotanica},
  volume={37},
  number={1},
  pages={33--43},
  year={2002},
  publisher={Springer}
}

@article{Carmona2016,
author = {Carmona, Carlos P. and de Bello, Francesco and Mason, Norman W.H. and Lep{\v{s}}, Jan},
journal = {Trends in Ecology and Evolution},
number = {5},
pages = {382--394},
title = {{Traits Without Borders: Integrating Functional Diversity Across Scales}},
volume = {31},
year = {2016}
}

@article{Bellwood2006,
author = {Bellwood, D.R and Wainwright, P.C and Fulton, C.J and Hoey, A.S},
journal = {Proceedings of the Royal Society B: Biological Sciences},
keywords = {coral reef fishes,functional morphology,generalist,specialist,trophic ecology},
number = {1582},
pages = {101--107},
title = {{Functional versatility supports coral reef biodiversity}},
volume = {273},
year = {2006}
}

@book{Hubbell2001,
author = {Hubbell, Stephen P.},
booktitle = {Monographs in population Biology},
publisher = {Princeton University Press},
title = {{The Unified Neutral Theory of Biodiversity and Biogeography}},
year = {2001}
}

@article{Svenning2005,
  title={Seed limitation in a Panamanian forest},
  author={Svenning, Jens-Christian and Wright, S Joseph},
  journal={Journal of ecology},
  volume={93},
  number={5},
  pages={853--862},
  year={2005},
  publisher={Wiley Online Library}
}

@article{Fukami2005,
author = {Fukami, Tadashi and Bezemer, T. Martijn and Mortimer, Simon R. and {Van Der Putten}, Wim H.},
journal = {Ecology Letters},
number = {12},
pages = {1283--1290},
title = {{Species divergence and trait convergence in experimental plant community assembly}},
volume = {8},
year = {2005}
}

@article{Sheil2003,
author = {Sheil, Douglas and Burslem, David F.R.P.},
journal = {Trends in Ecology and Evolution},
number = {1},
pages = {18--26},
title = {{Disturbing hypotheses in tropical forests}},
volume = {18},
year = {2003}
}

@article{Denslow2000,
author = {Denslow, Julie Sloan and Guzman, G Sandra},
journal = {Journal of Vegetation Science},
number = {2},
pages = {201--212.},
title = {{Variation in stand structure, light and seedling abundance across a tropical moist forest chronosequence, Panama}},
volume = {11},
year = {2000}
}

@article{Falster2011,
author = {Falster, Daniel S. and Br{\"{a}}nnstr{\"{o}}m, {\AA}ke and Dieckmann, Ulf and Westoby, Mark},
journal = {Journal of Ecology},
number = {1},
pages = {148--164},
title = {{Influence of four major plant traits on average height, leaf-area cover, net primary productivity, and biomass density in single-species forests: A theoretical investigation}},
volume = {99},
year = {2011}
}

@article{Rutishauser2016,
author = {Rutishauser, Ervan and H{\'{e}}rault, Bruno and Petronelli, Pascal and Sist, Plinio},
journal = {Biotropica},
number = {3},
pages = {285--289},
title = {{Tree Height Reduction After Selective Logging in a Tropical Forest}},
volume = {48},
year = {2016}
}

@article{Guitet2018,
author = {Guitet, St{\'{e}}phane and Sabatier, Daniel and Brunaux, Olivier and Couteron, Pierre and Denis, Thomas and Freycon, Vincent and Gonzalez, Sophie and H{\'{e}}rault, Bruno and Jaouen, Ga{\"{e}}lle and Molino, Jean-Fran{\c{c}}ois and P{\'{e}}lissier, Rapha{\"{e}}l and Richard-Hansen, C{\'{e}}cile and Vincent, Gr{\'{e}}goire},
journal = {Scientific Reports},
number = {1},
pages = {3872},
title = {{Disturbance regimes drive the diversity of regional floristic pools across Guianan rainsforest landscapes}},
volume = {8},
year = {2018}
}

@article{Lawton1988,
  title={Natural disturbance and gap-phase regeneration in a wind-exposed tropical cloud forest},
  author={Lawton, Robert O and Putz, Francis E},
  journal={Ecology},
  volume={69},
  number={3},
  pages={764--777},
  year={1988},
  publisher={Wiley Online Library}
}

@article{Herault2018,
author = {H{\'{e}}rault, Bruno and Piponiot, Camille},
journal = {Forest Ecosystems},
number = {1},
pages = {2},
publisher = {Forest Ecosystems},
title = {{Key drivers of ecosystem recovery after disturbance in a neotropical forest}},
volume = {5},
year = {2018}
}

@article{Rutishauser2016,
author = {Rutishauser, Ervan and H{\'{e}}rault, Bruno and Petronelli, Pascal and Sist, Plinio},
journal = {Biotropica},
number = {3},
pages = {285--289},
title = {{Tree Height Reduction After Selective Logging in a Tropical Forest}},
volume = {48},
year = {2016}
}

@article{Piponiot2016,
author = {Piponiot, Camille and Sist, Plinio and Mazzei, Lucas and Pe{\~{n}}a-Claros, Marielos and Putz, Francis E. and Rutishauser, Ervan and Shenkin, Alexander and Ascarrunz, Nataly and de Azevedo, Celso P. and Baraloto, Christopher and Fran{\c{c}}a, Mabiane and Guedes, Marcelino and Coronado, Eur{\'{i}}dice N.Honorio and D'Oliveira, Marcus V.N. and Ruschel, Ademir R. and da Silva, K{\'{a}}tia E. and Sotta, Eleneide Doff and de Souza, Cintia R. and Vidal, Edson and West, Thales A.P. and H{\'{e}}rault, Bruno},
journal = {eLife},
number = {DECEMBER2016},
title = {{Carbon recovery dynamics following disturbance by selective logging in amazonian forests}},
volume = {5},
year = {2016}
}

@article{Putz2012,
author = {Putz, Francis E and Zuidema, Pieter A and Synnott, Timothy and Pe{\~{n}}a-Claros, Marielos and Pinard, Michelle A and Sheil, Douglas and Vanclay, Jerome K and Sist, Plinio and Gourlet-Fleury, Sylvie and Griscom, Bronson and Palmer, John and Zagt, Roderick},
journal = {Conservation Letters},
number = {4},
pages = {296--303},
title = {{Sustaining conservation values in selectively logged tropical forests: the attained and the attainable}},
volume = {5},
year = {2012}
}

@article{Gourlet-Fleury2000,
author = {Gourlet-Fleury, Sylvie and Houllier, Fran{\c{c}}ois},
journal = {Forest Ecology and Management},
number = {1-3},
pages = {269--289},
title = {{Modelling diameter increment in a lowland evergreen rain forest in French Guiana}},
volume = {131},
year = {2000}
}

@article{Herault2010,
author = {H{\'{e}}rault, Bruno and Ouallet, Julia and Blanc, Lilian and Wagner, Fabien and Baraloto, Christopher},
journal = {Journal of Applied Ecology},
number = {4},
pages = {821--831},
title = {{Growth responses of neotropical trees to logging gaps}},
volume = {47},
year = {2010}
}

@article{Denslow1987,
  title={Tropical rainforest gaps and tree species diversity},
  author={Denslow, Julie Sloan},
  journal={Annual review of ecology and systematics},
  volume={18},
  number={1},
  pages={431--451},
  year={1987},
  publisher={Annual Reviews 4139 El Camino Way, PO Box 10139, Palo Alto, CA 94303-0139, USA}
}

@article{Baraloto2012a,
author = {Baraloto, Christopher and H{\'{e}}rault, Bruno and Paine, C. E. Timothy and Massot, H{\'{e}}l{\`{e}}ne and Blanc, Lilian and Bonal, Damien and Molino, Jean-Fran{\c{c}}ois Fran{\c{c}}ois and Nicolini, Eric a. and Sabatier, Daniel},
journal = {Journal of Applied Ecology},
number = {4},
pages = {861--870},
title = {{Contrasting taxonomic and functional responses of a tropical tree community to selective logging}},
volume = {49},
year = {2012}
}

@article{Violle2007b,
author = {Violle, Cyrille and Navas, Marie-Laure Laure and Vile, Denis and Kazakou, Elena and Fortunel, Claire and Hummel, Ir{\`{e}}ne and Garnier, Eric},
journal = {Oikos},
number = {5},
pages = {882--892},
title = {{Let the concept of trait be functional!}},
volume = {116},
year = {2007}
}

@article{Schleuning2016,
  title={Ecological networks are more sensitive to plant than to animal extinction under climate change},
  author={Schleuning, Matthias and Fruend, Jochen and Schweiger, Oliver and Welk, Erik and Albrecht, Joerg and Albrecht, Matthias and Beil, Marion and Benadi, Gita and Bluethgen, Nico and Bruelheide, Helge and others},
  journal={Nature communications},
  volume={7},
  pages={13965},
  year={2016},
}


@article{Ugland2003,
  title={The species--accumulation curve and estimation of species richness},
  author={Ugland, Karl I and Gray, John S and Ellingsen, Kari E},
  journal={Journal of Animal Ecology},
  volume={72},
  number={5},
  pages={888--897},
  year={2003},
  publisher={Wiley Online Library}
}

@article{Gotelli2001,
  title={Quantifying biodiversity: procedures and pitfalls in the measurement and comparison of species richness},
  author={Gotelli, Nicholas J and Colwell, Robert K},
  journal={Ecology letters},
  volume={4},
  number={4},
  pages={379--391},
  year={2001},
  publisher={Wiley Online Library}
}

@article{Chave2004,
author = {Chave, J.},
journal = {Ecology Letters},
keywords = {Community ecology,Intraspecific variability,Neutral theory,Theoretical ecology},
number = {3},
pages = {241--253},
title = {{Neutral theory and community ecology}},
volume = {7},
year = {2004}
}
