@Book{xie2015,
  title = {Dynamic Documents with {R} and knitr},
  author = {Yihui Xie},
  publisher = {Chapman and Hall/CRC},
  address = {Boca Raton, Florida},
  year = {2015},
  edition = {2nd},
  note = {ISBN 978-1498716963},
  url = {http://yihui.name/knitr/},
}

@article{pachauri2014climate,
  title={Climate change 2014: Synthesis report. fifth assessment report of the intergovernmental panel on climate change},
  author={Pachauri, R and Meyer, L},
  journal={Tech. Rep.},
  year={2014},
  publisher={IPCC}
}