@book{Magurran1988,
address = {Princeton},
author = {Magurran, Anne E},
edition = {NJ, Prince},
pages = {256},
title = {{Ecological diversity and its measurement}},
year = {1988}
}

@article{Motomura1932,
author = {Motomura, I.},
journal = {Zoological Magazine},
language = {Japanese},
pages = {379--383},
title = {{On the statistical treatment of communities}},
volume = {44},
year = {1932}
}

@article{McGill2007,
author = {McGill, B. J. and Etienne, R. S. and Gray, J. S. and Alonso, D. and Anderson, M. J. and {Kassa Benecha}, H. and Dornelas, M. and Enquist, B. J. and Green, J. L. and He, F. and Hurlbert, A. H. and Magurran, A. E. and Marquet, P. A. and Maurer, B. A. and Ostling, A. and Soykan, C. U. and Ugland, K. I. and White, E. P.},
doi = {10.1111/j.1461-0248.2007.01094.x},
file = {:P$\backslash$:/Private/Taff/These/Biblio/Maths{\_}Methods{\_}Models/2007-McGill-Species{\_}abundance{\_}distributions{\_}moving{\_}beyond{\_}single{\_}prediction{\_}theories{\_}to{\_}integration{\_}within{\_}an{\_}ecological{\_}framework.pdf:pdf},
journal = {Ecology Letters},
keywords = {environmental indicators,macroecology,scientific inference,species abundance},
pages = {995--1015},
title = {{Species abundance distributions : moving beyond single prediction theories to integration within an ecological framework}},
volume = {10},
year = {2007}
}

@article{Good1953,
author = {Good, I. J.},
journal = {Biometrika},
number = {3/4},
pages = {237--264},
title = {{The Population Frequency of Species and the Estimation of Population Parameters}},
volume = {40},
year = {1953}
}

@article{Tokeshi1993,
author = {Tokeshi, Mutsunori},
isbn = {0065-2504},
journal = {Advances in Ecological Research, Vol 24},
keywords = {EPIPHYTIC CHIRONOMID COMMUNITY,POLLUTION-INDUCED},
pages = {111--186},
title = {{Species Abundance Patterns and Community Structure}},
volume = {24},
year = {1993}
}

@book{Magurran2004,
author = {Magurran, A E},
pages = {256},
publisher = {Blackwell Science Ltd},
title = {{Measuring Biological Diversity}},
year = {2004}
}

@article{Wagner2011,
author = {Wagner, Fabien and H{\'{e}}rault, Bruno and Stahl, Cl{\'{e}}ment and Bonal, Damien and Rossi, Vivien},
doi = {10.1016/j.agrformet.2011.04.012},
isbn = {0168-1923},
issn = {01681923},
journal = {Agricultural and Forest Meteorology},
keywords = {Amazonian rainforest,Bayesian inference,Time domain reflectometer,Tree drought stress,Water balance model},
number = {9},
pages = {1202--1213},
publisher = {Elsevier B.V.},
title = {{Modeling water availability for trees in tropical forests}},
url = {http://dx.doi.org/10.1016/j.agrformet.2011.04.012},
volume = {151},
year = {2011}
}

@article{Perez-Harguindeguy2013,
author = {P{\'{e}}rez-Harguindeguy, N. and D{\'{i}}az, S. and Garnier, E. and Lavorel, S. and Poorter, H. and Jaureguiberry, P. and Bret-Harte, M. S. and Cornwell, W. K. and Craine, J. M. and Gurvich, D. E. and Urcelay, C. and Veneklaas, E. J. and Reich, P. B. and Poorter, L. and Wright, I. J. and Ray, P. and Enrico, L. and Pausas, J. G. and {De Vos}, A. C. and Buchmann, N. and Funes, G. and Qu{\'{e}}tier, F. and Hodgson, J. G. and Thompson, K. and Morgan, H. D. and {Ter Steege}, H. and {Van Der Heijden}, M. G A and Sack, L. and Blonder, B. and Poschlod, P. and Vaieretti, M. V. and Conti, G. and Staver, A. C. and Aquino, S. and Cornelissen, J. H C},
doi = {10.1071/BT12225},
isbn = {1444-9862},
issn = {00671924},
journal = {Australian Journal of Botany},
keywords = {biodiversity,ecophysiology,ecosystem dynamics,ecosystem functions,environmental change,plant morphology.},
pages = {167--234},
title = {{New handbook for standardised measurement of plant functional traits worldwide}},
volume = {61},
year = {2013}
}

@article{Kattge2011,
author = {Kattge, J. and D{\'{i}}az, S. and Lavorel, S. and Prentice, I. C. and Leadley, P. and B{\"{o}}nisch, G. and Garnier, E. and Westoby, M. and Reich, P. B. and Wright, I. J. and Cornelissen, J. H C and Violle, C. and Harrison, S. P. and {Van Bodegom}, P. M. and Reichstein, M. and Enquist, B. J. and Soudzilovskaia, N. A. and Ackerly, D. D. and Anand, M. and Atkin, O. and Bahn, M. and Baker, T. R. and Baldocchi, D. and Bekker, R. and Blanco, C. C. and Blonder, B. and Bond, W. J. and Bradstock, R. and Bunker, D. E. and Casanoves, F. and Cavender-Bares, J. and Chambers, J. Q. and Chapin, F. S. and Chave, J. and Coomes, D. and Cornwell, W. K. and Craine, J. M. and Dobrin, B. H. and Duarte, L. and Durka, W. and Elser, J. and Esser, G. and Estiarte, M. and Fagan, W. F. and Fang, J. and Fern{\'{a}}ndez-M{\'{e}}ndez, F. and Fidelis, A. and Finegan, B. and Flores, O. and Ford, H. and Frank, D. and Freschet, G. T. and Fyllas, N. M. and Gallagher, R. V. and Green, W. A. and Gutierrez, A. G. and Hickler, T. and Higgins, S. I. and Hodgson, J. G. and Jalili, A. and Jansen, S. and Joly, C. A. and Kerkhoff, A. J. and Kirkup, D. and Kitajima, K. and Kleyer, M. and Klotz, S. and Knops, J. M H and Kramer, K. and K{\"{u}}hn, I. and Kurokawa, H. and Laughlin, D. and Lee, T. D. and Leishman, M. and Lens, F. and Lenz, T. and Lewis, S. L. and Lloyd, J. and Llusi{\`{a}}, J. and Louault, F. and Ma, S. and Mahecha, M. D. and Manning, P. and Massad, T. and Medlyn, B. E. and Messier, J. and Moles, A. T. and M{\"{u}}ller, S. C. and Nadrowski, K. and Naeem, S. and Niinemets, {\"{U}} and N{\"{o}}llert, S. and N{\"{u}}ske, A. and Ogaya, R. and Oleksyn, J. and Onipchenko, V. G. and Onoda, Y. and Ordo{\~{n}}ez, J. and Overbeck, G. and Ozinga, W. A. and Pati{\~{n}}o, S. and Paula, S. and Pausas, J. G. and Pe{\~{n}}uelas, J. and Phillips, O. L. and Pillar, V. and Poorter, H. and Poorter, L. and Poschlod, P. and Prinzing, A. and Proulx, R. and Rammig, A. and Reinsch, S. and Reu, B. and Sack, L. and Salgado-Negret, B. and Sardans, J. and Shiodera, S. and Shipley, B. and Siefert, A. and Sosinski, E. and Soussana, J. F. and Swaine, E. and Swenson, N. and Thompson, K. and Thornton, P. and Waldram, M. and Weiher, E. and White, M. and White, S. and Wright, S. J. and Yguel, B. and Zaehle, S. and Zanne, A. E. and Wirth, C.},
doi = {10.1111/j.1365-2486.2011.02451.x},
isbn = {1365-2486},
issn = {13541013},
journal = {Global Change Biology},
keywords = {Comparative ecology,Database,Environmental gradient,Functional diversity,Global analysis,Global change,Interspecific variation,Intraspecific variation,Plant attribute,Plant functional type,Plant trait,Vegetation model},
number = {9},
pages = {2905--2935},
pmid = {17388899},
title = {{TRY - a global database of plant traits}},
volume = {17},
year = {2011}
}

@article{Herault2011,
author = {H{\'{e}}rault, Bruno and Bachelot, B{\'{e}}n{\'{e}}dicte and Poorter, Lourens and Rossi, Vivien and Bongers, Frans and Chave, J{\'{e}}r{\^{o}}me and Paine, C. E Timothy and Wagner, Fabien and Baraloto, Christopher},
doi = {10.1111/j.1365-2745.2011.01883.x},
isbn = {1365-2745},
issn = {00220477},
journal = {Journal of Ecology},
keywords = {Bayesian modelling,Functional traits,Growth modelling,Leaf economics,Leaf-height-seed strategy,Plant development and life-history traits,Plant strategy,Stem economics,Tropical rain forest},
mendeley-groups = {Cameroun/French{\_}Guyana},
pages = {1431--1440},
pmid = {18552625},
title = {{Functional traits shape ontogenetic growth trajectories of rain forest tree species}},
volume = {99},
year = {2011}
}

@article{Westoby1998,
author = {Westoby, Mark},
doi = {10.1023/A:1004327224729},
isbn = {0032-079X},
issn = {0032079X},
journal = {Plant and Soil},
keywords = {Height of species canopy,Meta-analysis,Plant ecological strategy,Plant functional types,Seed mass,Specific leaf area},
mendeley-groups = {Cameroun/Functional{\_}traits},
pages = {213--227},
title = {{A leaf-height-seed (LHS) plant ecology strategy scheme}},
volume = {199},
year = {1998}
}

@article{Chave2009,
author = {Chave, Jerome and Coomes, David and Jansen, Steven and Lewis, Simon L. and Swenson, Nathan G. and Zanne, Amy E.},
doi = {10.1111/j.1461-0248.2009.01285.x},
isbn = {1461-023X},
issn = {1461023X},
journal = {Ecology Letters},
keywords = {Evolution,Functional ecology,Plant economics,Trade-offs,Wood},
mendeley-groups = {Cameroun},
pages = {351--366},
pmid = {19243406},
title = {{Towards a worldwide wood economics spectrum}},
volume = {12},
year = {2009}
}

@article{Valverde-Barrantes2017,
author = {Valverde-Barrantes, Oscar J. and Freschet, Gr{\'{e}}goire T. and Roumet, Catherine and Blackwood, Christopher B.},
doi = {10.1111/nph.14571},
issn = {0028646X},
journal = {New Phytologist},
keywords = {economics spectrum,fine roots,functional traits,mycorrhizas,plant,plant evolution,root diameter,specific root},
title = {{A worldview of root traits: the influence of ancestry, growth form, climate and mycorrhizal association on the functional trait variation of fine-root tissues in seed plants}},
year = {2017}
}

@article{Reich1997,
author = {Reich, Peter B and Walters, Michael B and Ellsworth, David S},
doi = {10.1073/pnas.94.25.13730},
isbn = {0027-8424},
issn = {0027-8424},
journal = {Ecology},
number = {December},
pages = {13730--13734},
pmid = {9391094},
title = {{From tropics to tundra: Global convergence in plant functioning}},
volume = {94},
year = {1997}
}

@article{Wright2004,
author = {Wright, Ian J. and Reich, Peter B. and Westoby, Mark and Ackerly, David D. and Baruch, Zdravko and Bongers, Frans and Cavender-Bares, Jeannine and Chapin, Terry and Cornelissen, Johannes H. C. and Diemer, Matthias and Flexas, Jaume and Garnier, Eric and Groom, Philip K. and Gulias, Javier and Hikosaka, Kouki and Lamont, Byron B. and Lee, Tali and Lee, William and Lusk, Christopher and Midgley, Jeremy J. and Navas, Marie-Laure and Niinemets, {\&}{\#}220;lo and Oleksyn, Jacek and Osada, Noriyuki and Poorter, Hendrik and Poot, Pieter and Prior, Lynda and Pyankov, Vladimir I. and Roumet, Catherine and Thomas, Sean C. and Tjoelker, Mark G. and Veneklaas, Erik J. and Villar, Rafael},
doi = {10.1038/nature02403},
issn = {0028-0836},
journal = {Nature},
month = {apr},
number = {6985},
pages = {821--827},
title = {{The worldwide leaf economics spectrum}},
volume = {428},
year = {2004}
}

@article{Reich2014,
author = {Reich, Peter B.},
doi = {10.1111/1365-2745.12211},
isbn = {2806},
issn = {00220477},
journal = {Journal of Ecology},
keywords = {Carbon,Ecophysiology,Leaf,Light,Nutrient,Phylogeny,Root,Stem,Strategy,Water},
mendeley-groups = {Cameroun/Functional{\_}traits},
pages = {275--301},
title = {{The world-wide 'fast-slow' plant economics spectrum: A traits manifesto}},
volume = {102},
year = {2014}
}

@article{Sakschewski2016,
author = {Sakschewski, Boris and von Bloh, Werner and Boit, Alice and Poorter, Lourens and Pe{\~{n}}a-Claros, Marielos and Heinke, Jens and Joshi, Jasmin and Thonicke, Kirsten},
doi = {10.1038/nclimate3109},
issn = {1758-678X},
journal = {Nature Climate Change},
number = {August},
title = {{Resilience of Amazon forests emerges from plant trait diversity}},
url = {http://www.nature.com/doifinder/10.1038/nclimate3109},
volume = {1},
year = {2016}
}

@article{Mouillot2013a,
archivePrefix = {arXiv},
arxivId = {2072},
author = {Mouillot, David and Graham, Nicholas A J and Vill{\'{e}}ger, S{\'{e}}bastien and Mason, Norman W H and Bellwood, David R.},
doi = {10.1016/j.tree.2012.10.004},
eprint = {2072},
isbn = {0169-5347 (Print)$\backslash$r0169-5347 (Linking)},
issn = {01695347},
journal = {Trends in Ecology and Evolution},
number = {3},
pages = {167--177},
pmid = {23141923},
title = {{A functional approach reveals community responses to disturbances}},
volume = {28},
year = {2013}
}

@article{Scheiter2013,
author = {Scheiter, Simon and Langan, Liam and Higgins, Steven I},
doi = {10.1111/nph.12210},
isbn = {1469-8137},
issn = {1469-8137},
journal = {The New phytologist},
keywords = {Algorithms,Biological,Biota,Fires,Models,Multifactorial Inheritance,Plants,Principal Component Analysis},
number = {3},
pages = {957--69},
pmid = {23496172},
title = {{Next-generation dynamic global vegetation models: learning from community ecology}},
volume = {198},
year = {2013}
}


@article{Mendes2008,
author = {Mendes, Renio S and Evangelista, Luiz R and Thomaz, Sidinei M and Agostinho, Angelo A},
doi = {10.1111/j.2008.0906-7590.05469.x},
file = {:C$\backslash$:/Users/ariane.mirabel/AppData/Local/Mendeley Ltd./Mendeley Desktop/Downloaded/Mendes et al. - 2008 - A unifed index to measure ecological diversity and species rarity.pdf:pdf},
isbn = {0906-7590},
issn = {09067590},
journal = {Ecography},
mendeley-groups = {These/Maths},
number = {February},
pages = {450--456},
pmid = {20939024},
title = {{A unifed index to measure ecological diversity and species rarity}},
volume = {31},
year = {2008}
}


@article{Hill1973,
author = {Hill, M. O.},
file = {:C$\backslash$:/Users/ariane.mirabel/AppData/Local/Mendeley Ltd./Mendeley Desktop/Downloaded/Hill - 1973 - Diversity and Evenness A Unifying Notation and Its Consequences.pdf:pdf},
journal = {Ecological Society of America},
mendeley-groups = {These/Concepts},
number = {2},
pages = {427--432},
title = {{Diversity and Evenness : A Unifying Notation and Its Consequences}},
volume = {54},
year = {1973}
}

@article{Tothmeresz1995,
author = {Tothmeresz, B{\'{e}}la and T{\'{o}}thm{\'{e}}r{\'{e}}sz, B{\'{e}}la},
doi = {10.2307/3236223},
file = {:C$\backslash$:/Users/ariane.mirabel/AppData/Local/Mendeley Ltd./Mendeley Desktop/Downloaded/T{\'{o}}thm{\'{e}}r{\'{e}}sz - 1995 - Comparison of different methods for diversity ordering.pdf:pdf},
isbn = {1100-9233},
issn = {11009233},
journal = {Journal of Vegetation Science},
keywords = {compari-,diversity family,diversity profile,diversity profiles and their,eter diversity,introduction,one-param-,r{\'{e}}nyi,s diversity index},
mendeley-groups = {These/Maths},
number = {2},
pages = {283--290},
pmid = {471},
title = {{Comparison of different methods for diversity ordering}},
volume = {6},
year = {1995}
}

@misc{Patil1982,
author = {Patil, G.P. and C., Taillie},
booktitle = {Journal of American Statistical Association},
isbn = {0162-1459},
number = {379},
pages = {565--567},
title = {{Diversity as a concept and its measuremente: Rejoinder}},
volume = {77},
year = {1982}
}

@article{Shannon1948,
author = {Shannon, C. E.},
journal = {The Bell System Technical Journal},
number = {379-423},
pages = {623--656},
title = {{A Mathematical Theory of Communication}},
volume = {27},
year = {1948}
}

@article{Simpson1949,
author = {Simpson, E. H.},
journal = {Nature},
number = {4148},
pages = {688},
title = {{Measurement of Diversity}},
volume = {163},
year = {1949}
}

@article{Whittaker1965,
author = {Whittaker, R. H.},
journal = {Science},
number = {3655},
pages = {250--260},
title = {{Dominance and diversity in land plant communities: numerical relations of species express the importance of competition in community function and evolution}},
volume = {147},
year = {1965}
}

@article{Purvis2000,
author = {Purvis, Andy and Hector, Andy},
doi = {10.1038/35012221},
file = {:C$\backslash$:/Users/ariane.mirabel/AppData/Local/Mendeley Ltd./Mendeley Desktop/Downloaded/Purvis, Hector - 2000 - Getting the measure of biodiversity.pdf:pdf;:C$\backslash$:/Users/ariane.mirabel/AppData/Local/Mendeley Ltd./Mendeley Desktop/Downloaded/Purvis, Hector - 2000 - Getting the measure of biodiversity(2).pdf:pdf},
isbn = {00280836 (ISSN)},
issn = {0028-0836},
journal = {Nature Insight Biodiverstiy},
mendeley-groups = {These,These/Conservation},
number = {6783},
pages = {vol 405 no. 6783},
pmid = {10821281},
title = {{Getting the measure of biodiversity}},
volume = {405},
year = {2000}
}

@inproceedings{Loreau2005,
author = {Loreau, M.},
booktitle = {Discours de Cl{\^{o}}ture},
pages = {254--256},
publisher = {IRD Editions},
title = {{Actes de la Conf{\'{e}}rence Internationale Biodiversit{\'{e}}, Science et Gouvernance}},
year = {2005}
}

@book{Sterner2002,
  title={Ecological stoichiometry: the biology of elements from molecules to the biosphere},
  author={Sterner, Robert Warner and Elser, James J},
  year={2002},
  publisher={Princeton University Press}
}

@article{Power1996,
author = {Power, Mary E and Tilman, David and Estes, James A and Menge, Bruce A and Bond, William J and Mills, Scott and Daily, Gretchen and Castilla, Juan Carlos and Lubchenco, Jane and Paine, Robert T and Power, Mary E and Tilman, David and Estes, James A and Menge, Bruce A and Bond, William J and Mills, L Scott and Daily, Gretchen and Castilla, Juan Carlos and Lubchenco, Jane and Paine, Robert T},
doi = {10.2307/1312990},
file = {:P$\backslash$:/Private/Taff/These/Biblio/Concepts/1996-Power-Challenges{\_}in{\_}the{\_}quest{\_}for{\_}queystones.pdf:pdf},
issn = {00063568},
journal = {Bioscience},
keywords = {1996,46,609-620,8,author,bioscience,bond,bruce a,david tilman,estes,for keystones,gretchen daily,james a,jane lubchenco and robert,juan carlos castilla,l,llenges in the quest,mary e,menge,no,paine,power,pp,s,scott mills,sep,source,t,vol,william j},
number = {8},
pages = {609--620},
title = {{Challenges in the Quest for Keystones}},
volume = {46},
year = {1996}
}

@article{Gardner2007,
author = {Gardner, Toby A. and Barlow, Jos and Parry, Luke W. and Peres, Carlos A.},
doi = {10.1111/j.1744-7429.2006.00228.x},
file = {:P$\backslash$:/Private/Taff/These/Biblio/Conservation/2007-Gardner-Predicting{\_}the{\_}uncertain{\_}future{\_}of{\_}tropical{\_}forest{\_}species{\_}in{\_}a{\_}data{\_}vacuum.pdf:pdf},
isbn = {0006-3606},
issn = {00063606},
journal = {Biotropica},
keywords = {Biodiversity,Predictions,Research,Secondary forests},
number = {1},
pages = {25--30},
pmid = {9240},
title = {{Predicting the uncertain future of tropical forest species in a data vacuum}},
volume = {39},
year = {2007}
}

@incollection{Jones1994,
  title={Organisms as ecosystem engineers},
  author={Jones, Clive G and Lawton, John H and Shachak, Moshe},
  booktitle={Ecosystem management},
  pages={130--147},
  year={1994},
  publisher={Springer}
}

@article{Mittermeier2003,
author = {Mittermeier, R. A. and Mittermeier, C. G. and Brooks, T. M. and Pilgrim, J. D. and Konstant, W. R. and da Fonseca, G. A. B. and Kormos, C.},
doi = {10.1073/pnas.1732458100},
file = {:P$\backslash$:/Private/Taff/These/Biblio/Conservation/2003-Mittermeier-Wilderness{\_}and{\_}biodiversity{\_}conservation.pdf:pdf},
isbn = {0027-8424},
issn = {0027-8424},
journal = {Proceedings of the National Academy of Sciences},
number = {18},
pages = {10309--10313},
pmid = {12930898},
title = {{Wilderness and biodiversity conservation}},
url = {http://www.pnas.org/cgi/doi/10.1073/pnas.1732458100},
volume = {100},
year = {2003}
}

@article{Myers2000,
archivePrefix = {arXiv},
arxivId = {gr-qc/0208024},
author = {Myers, Norman and Mittermeier, Russell A. and Mittermeier, Cristina G. and da Fonseca, Gustavo A. B. and Kent, Jennifer},
doi = {10.1038/35002501},
eprint = {0208024},
file = {:P$\backslash$:/Private/Taff/These/Biblio/Conservation/2000-Myers-Biodiversity{\_}hotspot{\_}for{\_}conservation{\_}priorities.pdf:pdf},
isbn = {0028-0836},
issn = {0028-0836},
journal = {Nature},
number = {6772},
pages = {853--858},
pmid = {10706275},
primaryClass = {gr-qc},
title = {{Biodiversity hotspots for conservation priorities}},
url = {http://www.nature.com/articles/35002501},
volume = {403},
year = {2000}
}

@techreport{FAO2011,
address = {Rome (italy)},
author = {FAO, ITTO},
pages = {80},
title = {{The state of forests in the Amazon Basin, Congo Basin and Southest Asia}},
year = {2011}
}

@article{Asner2009,
author = {Asner, Gregory P. and Rudel, Thomas K. and Aide, T. Mitchell and Defries, Ruth and Emerson, Ruth},
doi = {10.1111/j.1523-1739.2009.01333.x},
isbn = {1523-1739},
issn = {08888892},
journal = {Conservation Biology},
keywords = {Deforestation,Forest degradation,Forest disturbance,Forest regrowth,Secondary forest,Selective logging,Timber harvesting},
number = {6},
pages = {1386--1395},
pmid = {20078639},
title = {{A contemporary assessment of change in humid tropical forests}},
volume = {23},
year = {2009}
}

@article{Gentry1988,
author = {Gentry, Alwyn H.},
file = {:/roucou/Ariane.Mirabel{\$}/Private/Taff/These/Biblio/Conservation/1988-Gentry-Changes{\_}in{\_}plant{\_}community{\_}diversity{\_}and{\_}floristic{\_}composition{\_}on{\_}environmental{\_}and{\_}geographical{\_}gradients.pdf:pdf},
journal = {Annals of the Missouri Botanical Garden},
number = {1},
pages = {1--34},
title = {{Changes in Plant Community Diversity and Floristic Composition on Environmental and Geographical Gradients}},
volume = {75},
year = {1988}
}

@techreport{FAO2014,
address = {Rome},
author = {FAO},
file = {:C$\backslash$:/Users/ariane.mirabel/AppData/Local/Mendeley Ltd./Mendeley Desktop/Downloaded/FAO - 2014 - Situation des For{\^{e}}ts du monde.pdf:pdf},
institution = {Food and Agriculture Organization of the United Nations},
isbn = {9789252060574},
mendeley-groups = {These,These/Conservation},
title = {{State of the World's Forests (SOFO)}},
year = {2014}
}

@techreport{CBDdiversity2011,
author = {Secretariat of the Convention on Biological Diversity and GmbH, Deutsche Gesellschaft f{\"{u}}r Internationale Zusammenarbeit (giz)},
pages = {44},
title = {{Biodiversity and Livelihoods REDD-plus Benefits}},
year = {2011}
}


@article{Isbell2017,
abstract = {Linking the influence and dependence of people on biodiversity across scales},
author = {Isbell, Forest and Gonzalez, Andrew and Loreau, Michel and Cowles, Jane and D{\'{i}}az, Sandra and Hector, Andy and MacE, Georgina M. and Wardle, David A. and O'Connor, Mary I. and Duffy, J. Emmett and Turnbull, Lindsay A. and Thompson, Patrick L. and Larigauderie, Anne},
doi = {10.1038/nature22899},
file = {:P$\backslash$:/Private/Taff/These/Biblio/Concepts/2017-Isbell-Linking{\_}the{\_}influence{\_}and{\_}dependence{\_}of{\_}people{\_}on{\_}biodiversity{\_}across{\_}scales.pdf:pdf},
isbn = {0028-0836},
issn = {14764687},
journal = {Nature},
number = {7656},
pages = {65--72},
pmid = {28569811},
title = {{Linking the influence and dependence of people on biodiversity across scales}},
volume = {546},
year = {2017}
}

@article{Malhi2008,
  title={Climate change, deforestation, and the fate of the Amazon},
  author={Malhi, Yadvinder and Roberts, J Timmons and Betts, Richard A and Killeen, Timothy J and Li, Wenhong and Nobre, Carlos A},
  journal={science},
  volume={319},
  number={5860},
  pages={169--172},
  year={2008},
  publisher={American Association for the Advancement of Science}
}

@article{Roy2017,
  title={Multi-year MODIS active fire type classification over the Brazilian Tropical Moist Forest Biome},
  author={Roy, David P and Kumar, Sanath Sathyachandran},
  journal={International Journal of Digital Earth},
  volume={10},
  number={1},
  pages={54--84},
  year={2017},
  publisher={Taylor \& Francis}
}

@article{Pan2011,
  title={A large and persistent carbon sink in the world’s forests},
  author={Pan, Yude and Birdsey, Richard A and Fang, Jingyun and Houghton, Richard and Kauppi, Pekka E and Kurz, Werner A and Phillips, Oliver L and Shvidenko, Anatoly and Lewis, Simon L and Canadell, Josep G and others},
  journal={Science},
  pages={1201609},
  year={2011},
  publisher={American Association for the Advancement of Science}
}

@techreport{FRA2015,
author = {{Forestry Department of the Food and Agriculture Organization of the United Nations}},
institution = {Food and Agriculture Organization of the United Nations (FAO)},
pages = {54},
title = {{Forest Resources Assessment 2015}},
year = {2015}
}

@techreport{FRA2000,
author = {{Forestry Department of the Food and Agriculture Organization of the United Nations}},
pages = {140},
title = {{Forest Resources Assessment 2000}},
year = {2000}
}


@article{Morales-Hidalgo2015,
author = {Morales-Hidalgo, David and Oswalt, Sonja N. and Somanathan, E.},
doi = {10.1016/j.foreco.2015.06.011},
file = {:/roucou/Ariane.Mirabel{\$}/Private/Taff/These/Biblio/Conservation/2015-Morales{\_}Hidalgo-Status{\_}and{\_}trends{\_}in{\_}global{\_}primary{\_}forest{\_}protected{\_}areas{\_}and{\_}areas{\_}designated{\_}for{\_}conservation{\_}of{\_}biodiversity.pdf:pdf},
isbn = {0378-1127},
issn = {03781127},
journal = {Forest Ecology and Management},
keywords = {Biodiversity conservation,FRA 2015,Global Forest Resource Assessment,Primary forest,Protected areas},
pages = {68--77},
publisher = {Elsevier B.V.},
title = {{Status and trends in global primary forest, protected areas, and areas designated for conservation of biodiversity from the Global Forest Resources Assessment 2015}},
url = {http://dx.doi.org/10.1016/j.foreco.2015.06.011},
volume = {352},
year = {2015}
}


@article{Hansen2013,
  title={High-resolution global maps of 21st-century forest cover change},
  author={Hansen, Matthew C and Potapov, Peter V and Moore, Rebecca and Hancher, Matt and Turubanova, SAa and Tyukavina, Alexandra and Thau, David and Stehman, SV and Goetz, SJ and Loveland, TR and others},
  journal={science},
  volume={342},
  number={6160},
  pages={850--853},
  year={2013},
  publisher={American Association for the Advancement of Science}
}

@article{Tilman2014,
author = {Tilman, David and Isbell, Forest and Cowles, Jane M.},
doi = {10.1146/annurev-ecolsys-120213-091917},
file = {:/roucou/Ariane.Mirabel{\$}/Private/Taff/These/Biblio/Concepts/2014-Tilman-Biodiversity{\_}and{\_}ecosystem{\_}functioning.pdf:pdf},
isbn = {0198515715},
issn = {1543-592X},
journal = {Annual Review of Ecology, Evolution, and Systematics},
keywords = {biodiversity,coexistence,complementarity,ecosystem functioning,invasibility,niche differentiation,productivity,stability},
number = {1},
pages = {471--493},
pmid = {11679658},
title = {{Biodiversity and Ecosystem Functioning}},
url = {http://www.annualreviews.org/doi/10.1146/annurev-ecolsys-120213-091917},
volume = {45},
year = {2014}
}


@incollection{Schlaepfer2000,
  title={Ecological and landscape considerations in forest management: the end of forestry?},
  author={Schlaepfer, Rodolphe and Elliott, Chris},
  booktitle={Sustainable forest management},
  pages={1--67},
  year={2000},
  publisher={Springer}
}

@article{Summit1992,
  title={Agenda 21},
  author={Summit, Earth},
  journal={The United Nations programme for action from Rio},
  year={1992}
}

@article{Violle2007b,
author = {Violle, Cyrille and Navas, Marie-Laure Laure and Vile, Denis and Kazakou, Elena and Fortunel, Claire and Hummel, Ir{\`{e}}ne and Garnier, Eric},
doi = {10.1111/j.2007.0030-1299.15559.x},
isbn = {0030-1299},
issn = {00301299},
journal = {Oikos},
mendeley-groups = {Cameroun/Functional{\_}traits,Cecropia},
month = {may},
number = {5},
pages = {882--892},
pmid = {245814500017},
title = {{Let the concept of trait be functional!}},
volume = {116},
year = {2007}
}

@article{Tilman2014,
author = {Tilman, David and Isbell, Forest and Cowles, Jane M.},
doi = {10.1146/annurev-ecolsys-120213-091917},
file = {:/roucou/Ariane.Mirabel{\$}/Private/Taff/These/Biblio/Concepts/2014-Tilman-Biodiversity{\_}and{\_}ecosystem{\_}functioning.pdf:pdf},
isbn = {0198515715},
issn = {1543-592X},
journal = {Annual Review of Ecology, Evolution, and Systematics},
keywords = {biodiversity,coexistence,complementarity,ecosystem functioning,invasibility,niche differentiation,productivity,stability},
number = {1},
pages = {471--493},
pmid = {11679658},
title = {{Biodiversity and Ecosystem Functioning}},
url = {http://www.annualreviews.org/doi/10.1146/annurev-ecolsys-120213-091917},
volume = {45},
year = {2014}
}

@article{Dirzo2003a,
author = {Dirzo, R and Raven, P H},
doi = {10.1146/annurev.energy.28.050302.105532},
file = {:C$\backslash$:/Users/ariane.mirabel/AppData/Local/Mendeley Ltd./Mendeley Desktop/Downloaded/Dirzo, Raven - 2003 - Global State of Biodiversity and Loss.pdf:pdf;:C$\backslash$:/Users/ariane.mirabel/AppData/Local/Mendeley Ltd./Mendeley Desktop/Downloaded/Dirzo, Raven - 2003 - Global State of Biodiversity and Loss(2).pdf:pdf},
issn = {1543-5938},
journal = {Annual Review of Environment and Resources},
keywords = {biodiversity hotspots,endemism,extinction,species,species diversity},
mendeley-groups = {These,These/Conservation},
number = {1},
pages = {137--167},
title = {{Global State of Biodiversity and Loss}},
volume = {28},
year = {2003}
}


@article{Vitousek1997,
  title={Human domination of Earth's ecosystems},
  author={Vitousek, Peter M and Mooney, Harold A and Lubchenco, Jane and Melillo, Jerry M},
  journal={Science},
  volume={277},
  number={5325},
  pages={494--499},
  year={1997},
  publisher={American Association for the Advancement of Science}
}

@article{Wright2005,
author = {Wright, S. Joseph},
doi = {10.1016/j.tree.2005.07.009},
file = {:C$\backslash$:/Users/ariane.mirabel/AppData/Local/Mendeley Ltd./Mendeley Desktop/Downloaded/Wright - 2005 - Tropical forests in a changing environment.pdf:pdf},
isbn = {0169-5347},
issn = {01695347},
journal = {Trends in Ecology and Evolution},
mendeley-groups = {These,These/Conservation},
number = {10},
pages = {553--560},
pmid = {16701434},
title = {{Tropical forests in a changing environment}},
volume = {20},
year = {2005}
}


@Book{xie2015,
  title = {Dynamic Documents with {R} and knitr},
  author = {Yihui Xie},
  publisher = {Chapman and Hall/CRC},
  address = {Boca Raton, Florida},
  year = {2015},
  edition = {2nd},
  note = {ISBN 978-1498716963},
  url = {http://yihui.name/knitr/},
}

@article{Pachauri2014,
  title={Climate change 2014: Synthesis report. fifth assessment report of the intergovernmental panel on climate change},
  author={Pachauri, R and Meyer, L},
  journal={Tech. Rep.},
  year={2014},
  publisher={IPCC}
}

@techreport{FAO2009,
address = {Rome},
author = {FAO},
file = {:C$\backslash$:/Users/ariane.mirabel/AppData/Local/Mendeley Ltd./Mendeley Desktop/Downloaded/FAO - 2014 - Situation des For{\^{e}}ts du monde.pdf:pdf},
institution = {Organisation des Nations Unies pour l'alimentation et l'agriculture},
isbn = {9789252060574},
mendeley-groups = {These,These/Conservation},
title = {{Situation des For{\^{e}}ts du monde}},
year = {2014}
}
