
@Misc{Mclachlan2000,
  author    = {McLachlan, Geoffrey and Peel, David},
  title     = {Finite mixture models, willey series in probability and statistics},
  year      = {2000},
  publisher = {John Wiley \& Sons, New York},
}

@Article{Blei2012,
  author    = {Blei, David M},
  title     = {Probabilistic topic models},
  journal   = {Communications of the ACM},
  year      = {2012},
  volume    = {55},
  number    = {4},
  pages     = {77--84},
  publisher = {ACM},
}

@Article{Buzzard2016,
  author    = {Buzzard, Vanessa and Hulshof, Catherine M and Birt, Trevor and Violle, Cyrille and Enquist, Brian J},
  title     = {Re-growing a tropical dry forest: functional plant trait composition and community assembly during succession},
  journal   = {Functional Ecology},
  year      = {2016},
  volume    = {30},
  number    = {6},
  pages     = {1006--1013},
  publisher = {Wiley Online Library},
}

@Article{Chase2011,
  author    = {Chase, Jonathan M and Myers, Jonathan A},
  title     = {Disentangling the importance of ecological niches from stochastic processes across scales},
  journal   = {Philosophical Transactions of the Royal Society of London B: Biological Sciences},
  year      = {2011},
  volume    = {366},
  number    = {1576},
  pages     = {2351--2363},
  publisher = {The Royal Society},
}

@Article{Loos2018,
  author    = {Loos, Jacqueline and von Wehrden, Henrik},
  title     = {Beyond Biodiversity Conservation: Land Sharing Constitutes Sustainable Agriculture in European Cultural Landscapes},
  journal   = {Sustainability},
  year      = {2018},
  volume    = {10},
  number    = {5},
  pages     = {1395},
  publisher = {Multidisciplinary Digital Publishing Institute},
}

@Article{Marechaux2017,
  author    = {Mar{\'e}chaux, Isabelle and Chave, J{\'e}r{\^o}me},
  title     = {An individual-based forest model to jointly simulate carbon and tree diversity in Amazonia: description and applications},
  journal   = {Ecological Monographs},
  year      = {2017},
  volume    = {87},
  number    = {4},
  pages     = {632--664},
  publisher = {Wiley Online Library},
}

@Article{Fischer2016,
  author    = {Fischer, Rico and Bohn, Friedrich and de Paula, Mateus Dantas and Dislich, Claudia and Groeneveld, J{\"u}rgen and Guti{\'e}rrez, Alvaro G and Kazmierczak, Martin and Knapp, Nikolai and Lehmann, Sebastian and Paulick, Sebastian and others},
  title     = {Lessons learned from applying a forest gap model to understand ecosystem and carbon dynamics of complex tropical forests},
  journal   = {Ecological Modelling},
  year      = {2016},
  volume    = {326},
  pages     = {124--133},
  publisher = {Elsevier},
}

@Article{Purves2008,
  author    = {Purves, Drew and Pacala, Stephen},
  title     = {Predictive models of forest dynamics},
  journal   = {Science},
  year      = {2008},
  volume    = {320},
  number    = {5882},
  pages     = {1452--1453},
  publisher = {American Association for the Advancement of Science},
}

@InCollection{Prentice2007,
  author    = {Prentice, I Colin and Bondeau, Alberte and Cramer, Wolfgang and Harrison, Sandy P and Hickler, Thomas and Lucht, Wolfgang and Sitch, Stephen and Smith, Ben and Sykes, Martin T},
  title     = {Dynamic global vegetation modeling: quantifying terrestrial ecosystem responses to large-scale environmental change},
  booktitle = {Terrestrial ecosystems in a changing world},
  publisher = {Springer},
  year      = {2007},
  pages     = {175--192},
}

@Article{Griscom2018,
  author    = {Griscom, Bronson W and Goodman, Rosa C and Burivalova, Zuzana and Putz, Francis E},
  title     = {Carbon and biodiversity impacts of intensive versus extensive tropical forestry},
  journal   = {Conservation Letters},
  year      = {2018},
  volume    = {11},
  number    = {1},
  pages     = {e12362},
  publisher = {Wiley Online Library},
}

@Article{Liang2016,
  author    = {Liang, Jingjing and Crowther, Thomas W and Picard, Nicolas and Wiser, Susan and Zhou, Mo and Alberti, Giorgio and Schulze, Ernst-Detlef and McGuire, A David and Bozzato, Fabio and Pretzsch, Hans and others},
  title     = {Positive biodiversity-productivity relationship predominant in global forests},
  journal   = {Science},
  year      = {2016},
  volume    = {354},
  number    = {6309},
  pages     = {aaf8957},
  publisher = {American Association for the Advancement of Science},
}

@Article{Brienen2015,
  author    = {Brienen, Roel JW and Phillips, Oliver L and Feldpausch, Ted R and Gloor, Emanuel and Baker, Tim R and Lloyd, Jon and Lopez-Gonzalez, Gabriela and Monteagudo-Mendoza, Abel and Malhi, Yadvinder and Lewis, Simon L and others},
  title     = {Long-term decline of the Amazon carbon sink},
  journal   = {Nature},
  year      = {2015},
  volume    = {519},
  number    = {7543},
  pages     = {344},
  publisher = {Nature Publishing Group},
}

@Article{Barlow2018,
  author  = {Barlow, J. and Fran{\c{c}}a, F. and Gardner, T. and Hicks, C. and Lennox, G. and Berenguer, E. and Castello, L. and Economo, E. and Ferreira, J. and Gu{\'{e}}nard, B. and Leal, C. and Isaac, V. and Lees, A. and Paar, C. and Wilson, S. and Young, P. and Graham, N.},
  title   = {{The Future of Hyperdiverse Tropical Ecosystems}},
  journal = {Nature},
  year    = {2018},
  volume  = {559},
  number  = {7715},
  pages   = {517},
}

@Article{Cardinale2012,
  author  = {Cardinale, Bradley J. and Duffy, J. Emmett and Gonzalez, Andrew and Hooper, David U. and Perrings, Charles and Venail, Patrick and Narwani, Anita and Mace, Georgina M. and Tilman, David and A.Wardle, David and Kinzig, Ann P. and Daily, Gretchen C. and Loreau, Michel and Grace, James B. and Larigauderie, Anne and Srivastava, Diane S. and Naeem, Shahid},
  title   = {{Biodiversity Loss and its Impact on Humanity}},
  journal = {Nature},
  year    = {2012},
  volume  = {489},
  number  = {7415},
  pages   = {326--326},
}

@Article{Margules2000,
  author  = {Margules, C R and Pressey, R L},
  title   = {{Systematic Conservation Planning}},
  journal = {Nature},
  year    = {2000},
  volume  = {405},
  number  = {May},
  pages   = {243--253},
}

@Article{Purvis2000,
  author  = {Purvis, Andy and Hector, Andy},
  title   = {{Getting the Measure of Biodiversity}},
  journal = {Nature Insight Biodiverstiy},
  year    = {2000},
  volume  = {405},
  number  = {6783},
  pages   = {212},
}

@TechReport{Sist2015,
  author      = {Sist, Plinio and Pacheco, Pablo and Nasi, Robert and Blaser, J{\"{u}}rgen},
  title       = {{Management of Natural Tropical Forests for the Future}},
  institution = {IUFRO WFSE},
  year        = {2015},
  pages       = {1--4},
  volume      = {32},
}

@Article{Whittaker1972,
  author  = {Whittaker, R. H.},
  title   = {{Evolution and Measurement of Species Diversity}},
  journal = {Taxon},
  year    = {1972},
  volume  = {21},
  number  = {2/3},
  pages   = {213--251},
}

@Article{Keylock2005,
  author  = {Keylock, C J},
  title   = {{Simpson Diversity and the Shannon-Wiener Index as Special Cases of a Generalized Entropy}},
  journal = {Oikos},
  year    = {2005},
  volume  = {1},
  number  = {109},
  pages   = {203--208},
}

@Article{Jost2006,
  author  = {Jost, Lou},
  title   = {{Entropy and Diversity}},
  journal = {Oikos},
  year    = {2006},
  volume  = {113},
  number  = {2},
  pages   = {363--375},
}

@Article{Feeley2011,
  author  = {Feeley, Kenneth J. and Silman, Miles R.},
  title   = {{The Data Void in Modeling Current and Future Distributions of Tropical Species}},
  journal = {Global Change Biology},
  year    = {2011},
  volume  = {17},
  number  = {1},
  pages   = {626--630},
}

@Article{Steege2000,
  author    = {Steege, Hans Ter and Sabatier, Daniel and Castellanos, Hernan and Andel, Tinde Van and Duivenvoorden, Joost and Oliveira, Alexandre Adalardo De and Ek, Renske and Lilwah, Ramesh and Maas, Paul and Mori, Scott and {Ter Steege}, Hans and Sabatier, Daniel and Castellanos, Hernan and {Van Andel}, Tinde and Duivenvoorden, Joost and {Adalardo De Oliveira}, Alexandre and Ek, Renske and Lilwah, Ramesh and Maas, Paul and Mori, Scott},
  title     = {{An Analysis of the Floristic Composition and Diversity of Amazonian Forest including those of the Guiana Shield}},
  journal   = {Journal of Tropical Ecology},
  year      = {2000},
  volume    = {16},
  number    = {6},
  pages     = {801--828},
  publisher = {AgroParisTech},
}

@Article{Higgins2004,
  author  = {Higgins, Mark a and Ruokolainen, Kalle},
  title   = {{Rapid Tropical Forest Inventory: a Comparison of Techniques Based on Inventory Data from Western Amazonia}},
  journal = {Conservation Biology},
  year    = {2004},
  volume  = {18},
  number  = {3},
  pages   = {799--811},
}

@Article{Rejou-Mechain2011,
  author  = {R{\'{e}}jou-M{\'{e}}chain, Maxime and Fayolle, Adeline and Nasi, Robert and Gourlet-Fleury, Sylvie and Doucet, Jean Louis and Gally, Michel and Hubert, Didier and Pasquier, Alexandra and Billand, Alain},
  title   = {{Detecting Large-scale Diversity Patterns in Tropical Trees: Can we Trust Commercial Forest Inventories?}},
  journal = {Forest Ecology and Management},
  year    = {2011},
  volume  = {261},
  number  = {2},
  pages   = {187--194},
}

@Article{Pos2014,
  author  = {Pos, Edwin T. and {Guevara Andino}, Juan Ernesto and Sabatier, Daniel and Molino, Jean-Fran{\c{c}}ois Fran{\c{c}}ois and Pitman, Nigel and Mogoll??n, Hugo and Neill, David and Cer{\'{o}}n, Carlos and Rivas, Gonzalo and {Di Fiore}, Anthony and Thomas, Raquel and Tirado, Milton and Young, Kenneth R. and Wang, Ophelia and Sierra, Rodrigo and Garc{\'{i}}a-Villacorta, Roosevelt and Zagt, Roderick and Palacios, Walter and Aulestia, Milton and ter Steege, Hans},
  title   = {{Are all Species Necessary to Reveal Ecologically Important Patterns?}},
  journal = {Ecology and Evolution},
  year    = {2014},
  volume  = {4},
  number  = {24},
  pages   = {4626--4636},
}

@Article{Guitet2014b,
  author  = {Guitet, St{\'{e}}phane and Sabatier, Daniel and Brunaux, Olivier and H{\'{e}}rault, Bruno and Aubry-Kientz, M{\'{e}}laine and Molino, Jean-Fran{\c{c}}ois Fran{\c{c}}ois and Baraloto, Christopher},
  title   = {{Estimating Tropical Tree Diversity Indices from Forestry Surveys: A Method to Integrate Taxonomic Uncertainty}},
  journal = {Forest Ecology and Management},
  year    = {2014},
  volume  = {328},
  pages   = {270--281},
}

@Article{Vellend2008,
  author  = {Vellend, Mark and Lilley, Patrick L. and Starzomski, Brian M.},
  title   = {{Using Subsets of Species in Biodiversity Surveys}},
  journal = {Journal of Applied Ecology},
  year    = {2008},
  volume  = {45},
  number  = {1},
  pages   = {161--169},
}

@Article{Prance1994,
  author  = {Prance, Ghillean T},
  title   = {{A Comparison of the Efficacy of Higher Taxa and Species Numbers in the Assessment of Biodiversity in the Neotropics}},
  journal = {Philosophical Transactions of the Royal Society B: Biological Sciences},
  year    = {1994},
  volume  = {345},
  number  = {1311},
  pages   = {89--99},
}

@Article{Phillips2003a,
  author  = {Phillips, O.L. and {Vasquez Mart\'{i}nez}, R. and {Nunez Vargas}, P. and Monteagudo, A.L. and {Chuspe Zans}, M. and {Galiano Sanchez}, W. and {Pena Cruz}, A. and Timana, M. and Yli-Halla, M. and Rose, S.},
  title   = {{Efficient Plot-based Floristic Assessment of Tropical Forests}},
  journal = {Journal of Tropical Ecology},
  year    = {2003},
  volume  = {19},
  number  = {06},
  pages   = {629--645},
}

@Article{Baraloto2013,
  author  = {Baraloto, Christopher and Molto, Quentin and Rabaud, Suzanne and H{\'{e}}rault, Bruno and Valencia, Renato and Blanc, Lilian and Fine, Paul V.A. and Thompson, Jill},
  title   = {{Rapid Simultaneous Estimation of Aboveground Biomass and Tree Diversity Across Neotropical Forests: A Comparison of Field Inventory Methods}},
  journal = {Biotropica},
  year    = {2013},
  volume  = {45},
  number  = {3},
  pages   = {288----298},
}

@Article{Rejou-Mechain2008,
  author  = {R{\'{e}}jou-M{\'{e}}chain, Maxime and Gourlet-fleury, Sylvie and Couteron, Pierre and Nasi, Robert and Thompson, John D},
  title   = {{Regional Variation in Tropical Forest Tree Species composition in the Central African Republic : an Assessment based on Inventories by Forest Companies}},
  journal = {Journal of Tropical Ecology},
  year    = {2008},
  volume  = {24},
  pages   = {663--674},
}

@Article{Feldpausch2006,
  author  = {Feldpausch, Ted R. and McDonald, Andrew J. and Passos, Carlos A M and Lehmann, Johannes and Riha, Susan J.},
  title   = {{Biomass, Harvestable Area, and Forest Structure Estimated from Commercial Timber Inventories and Remotely Sensed Imagery in Southern Amazonia}},
  journal = {Forest Ecology and Management},
  year    = {2006},
  volume  = {233},
  number  = {1},
  pages   = {121--132},
}

@Article{TerSteege2006,
  author  = {ter Steege, Hans and Pitman, Nigel C a and Phillips, Oliver L and Chave, Jerome and Sabatier, Daniel and Duque, Alvaro and Molino, Jean-Fran{\c{c}}ois and Pr{\'{e}}vost, Marie-Fran{\c{c}}oise and Spichiger, Rodolphe and Castellanos, Hern{\'{a}}n and von Hildebrand, Patricio and V{\'{a}}squez, Rodolfo},
  title   = {{Continental-scale Patterns of Canopy Tree Composition and Function across Amazonia.}},
  journal = {Nature},
  year    = {2006},
  volume  = {443},
  number  = {7110},
  pages   = {0--2},
}

@Article{Oldeman1968,
  author  = {Oldeman, RAA},
  title   = {{Sur la Valeur des Noms Vernaculaires des Plantes en Guyane Fran{\c{c}}aise}},
  journal = {Bois et Forêts des Tropiques},
  year    = {1968},
  volume  = {117},
  number  = {117},
  pages   = {17--23},
}

@TechReport{Molino2009,
  author      = {Molino, J and Sabatier, D and Pr{\'{e}}vost, M and Frame, D and Gonzalez, S and Bilot-Gu{\'{e}}rin, V and De, Minist{\`{e}}re and P{\^{e}}che, De and Molino, J and Sabatier, D and Pr{\'{e}}vost, M and Frame, D and Gonzalez, S and Amap, U M R and Guyane, Herbier De},
  title       = {{Etablissement d' une Liste des Esp{\`{e}}ces d'Arbres de la Guyane Fran{\c{c}}aise}},
  institution = {IRD, Cayenne},
  year        = {2009},
  pages       = {1--59},
}

@Article{Guitet2013,
  author  = {Guitet, St{\'{e}}phane and Cornu, Jean-Fran{\c{c}}ois and Brunaux, Olivier and Betbeder, Julie and Carozza, Jean-Michel and Richard-Hansen, C{\'{e}}cile},
  title   = {{Landform and Landscape Mapping, French Guiana (South America)}},
  journal = {Journal of Maps},
  year    = {2013},
  volume  = {9},
  number  = {February 2014},
  pages   = {325--335},
}

@Article{Wagner2011,
  author    = {Wagner, Fabien and H{\'{e}}rault, Bruno and Stahl, Cl{\'{e}}ment and Bonal, Damien and Rossi, Vivien},
  title     = {{Modeling Water Availability for Trees in Tropical Forests}},
  journal   = {Agricultural and Forest Meteorology},
  year      = {2011},
  volume    = {151},
  number    = {9},
  pages     = {1202--1213},
  publisher = {Elsevier B.V.},
}

@TechReport{IUSSWorkingGroupWRB2015,
  author      = {{IUSS Working Group WRB}},
  title       = {{World Reference Base for Soil Resources 2014, update 2015 Internatioanl Soil Classification System for naming Soils and creating Legends for Soil Maps}},
  institution = {FAO},
  year        = {2015},
  address     = {Rome},
  booktitle   = {World Soil Resource Reports No. 106},
  pages       = {1--191},
}

@Book{McCarthy2007,
  title     = {{Bayesian Methods for Ecology}},
  publisher = {Cambridge University Press},
  year      = {2007},
  author    = {McCarthy, M. A.},
  pages     = {296},
}

@Article{Baltanas2009,
  author  = {Baltanas, Angel},
  title   = {{On the Use of Some Methods for the Estimation of Species Richness}},
  journal = {Oikos},
  year    = {2009},
  volume  = {65},
  number  = {3},
  pages   = {484--492},
}

@Article{Baraloto2012,
  author  = {Baraloto, Christopher and H{\'{e}}rault, Bruno and Paine, C. E. Timothy and Massot, H{\'{e}}l{\`{e}}ne and Blanc, Lilian and Bonal, Damien and Molino, Jean-Fran{\c{c}}ois Fran{\c{c}}ois and Nicolini, Eric a. and Sabatier, Daniel},
  title   = {{Contrasting Taxonomic and Functional Responses of a Tropical Tree Community to Selective Logging}},
  journal = {Journal of Applied Ecology},
  year    = {2012},
  volume  = {49},
  number  = {4},
  pages   = {861--870},
}

@Article{Berry2008a,
  author  = {Berry, Nicholas J. and Phillips, Oliver L. and Ong, Robert C. and Hamer, Keith C.},
  title   = {{Impacts of Selective Logging on Tree Diversity across a Rainforest Landscape: The importance of Spatial Scale}},
  journal = {Landscape Ecology},
  year    = {2008},
  volume  = {23},
  number  = {8},
  pages   = {915--929},
}

@Article{Cannon1998,
  author  = {Cannon, C. H.},
  title   = {{Tree Species Diversity in Commercially Logged Bornean Rainforest}},
  journal = {Science},
  year    = {1998},
  volume  = {281},
  number  = {5381},
  pages   = {1366--1368},
}

@Article{Plumptre1996,
  author  = {Plumptre, A.J.},
  title   = {{Changes Following 60 Years of Selective Timber Harvesting in the Budongo Forests Reserve, Unganda}},
  journal = {Forest Ecology and Management},
  year    = {1996},
  volume  = {89},
  number  = {96},
  pages   = {101--113},
}

@Article{Hawes2012,
  author    = {Hawes, Joseph E. and Peres, Carlos A. and Riley, Louise B. and Hess, Laura L.},
  title     = {{Landscape-scale Variation in Structure and Biomass of Amazonian Seasonally Flooded and Unflooded Forests}},
  journal   = {Forest Ecology and Management},
  year      = {2012},
  volume    = {281},
  pages     = {163--176},
  publisher = {Elsevier B.V.},
}

@Article{Li2018,
  author    = {Li, Yuanzhi and Shipley, Bill},
  title     = {Community divergence and convergence along experimental gradients of stress and disturbance},
  journal   = {Ecology},
  year      = {2018},
  volume    = {99},
  number    = {4},
  pages     = {775--781},
  publisher = {Wiley Online Library},
}

@Article{Norden2015,
  author  = {Norden, Natalia and Angarita, H{\'{e}}ctor A. and Bongers, Frans and Mart{\'{i}}nez-Ramos, Miguel and {Granzow-de la Cerda}, I{\~{n}}igo and van Breugel, Michiel and Lebrija-Trejos, Edwin and Meave, Jorge A. and Vandermeer, John and Williamson, G. Bruce and Finegan, Bryan and Mesquita, Rita and Chazdon, Robin L.},
  title   = {{Successional dynamics in Neotropical forests are as uncertain as they are predictable}},
  journal = {Proceedings of the National Academy of Sciences},
  year    = {2015},
  volume  = {112},
  number  = {26},
  pages   = {8013--8018},
}

@Book{Clements1916,
  title     = {Plant succession: an analysis of the development of vegetation},
  publisher = {Carnegie Institution of Washington},
  year      = {1916},
  author    = {Clements, Frederic Edward},
  number    = {242},
}

@Article{Chave2004,
  author  = {Chave, J.},
  title   = {{Neutral theory and community ecology}},
  journal = {Ecology Letters},
  year    = {2004},
  volume  = {7},
  number  = {3},
  pages   = {241--253},
  eprint  = {arXiv:1011.1669v3},
}

@Article{Clark2012,
  author  = {Clark, Christopher M. and Flynn, Dan F.B. and Butterfield, Bradley J. and Reich, Peter B.},
  title   = {{Testing the Link between Functional Diversity and Ecosystem Functioning in a Minnesota Grassland Experiment}},
  journal = {PLoS ONE},
  year    = {2012},
  volume  = {7},
  number  = {12},
}

@Article{Perronne2017,
  author    = {Perronne, R{\'e}mi and Munoz, Fran{\c{c}}ois and Borgy, Benjamin and Reboud, Xavier and Gaba, Sabrina},
  title     = {How to design trait-based analyses of community assembly mechanisms: Insights and guidelines from a literature review},
  journal   = {Perspectives in Plant Ecology, Evolution and Systematics},
  year      = {2017},
  volume    = {25},
  pages     = {29--44},
  publisher = {Elsevier},
}

@Article{Diamond1975,
  author    = {Diamond, Jared M},
  title     = {Assembly of species communities},
  journal   = {Ecology and evolution of communities},
  year      = {1975},
  pages     = {342--444},
  publisher = {Harvard University Press},
}

@Article{Ruger2009,
  author  = {R{\"{u}}ger, Nadja and Huth, Andreas and Hubbell, Stephen P. and Condit, Richard},
  title   = {{Response of recruitment to light availability across a tropical lowland rain forest community}},
  journal = {Journal of Ecology},
  year    = {2009},
  volume  = {97},
  number  = {6},
  pages   = {1360--1368},
}

@Article{Pavoine2009,
  author    = {Pavoine, Sandrine and Vallet, Jeanne and Dufour, Anne-B{\'e}atrice and Gachet, Sophie and Daniel, Herv{\'e}},
  title     = {On the challenge of treating various types of variables: application for improving the measurement of functional diversity},
  journal   = {Oikos},
  year      = {2009},
  volume    = {118},
  number    = {3},
  pages     = {391--402},
  publisher = {Wiley Online Library},
}

@Article{Mason2013,
  author  = {Mason, Norman W H and {De Bello}, Francesco and Mouillot, David and Pavoine, Sandrine and Dray, St{\'{e}}phane},
  title   = {{A guide for using functional diversity indices to reveal changes in assembly processes along ecological gradients}},
  journal = {Journal of Vegetation Science},
  year    = {2013},
  volume  = {24},
  number  = {5},
  pages   = {794--806},
}

@Article{Tabarelli2008,
  author    = {Tabarelli, Marcelo and Lopes, Ariadna V and Peres, Carlos A},
  title     = {Edge-effects Drive Tropical Forest Fragments Towards an Early-Successional System},
  journal   = {Biotropica},
  year      = {2008},
  volume    = {40},
  number    = {6},
  pages     = {657--661},
  publisher = {Wiley Online Library},
}

@Article{Dalling2002,
  author    = {Dalling, James W and Hubbell, Stephen P},
  title     = {Seed size, growth rate and gap microsite conditions as determinants of recruitment success for pioneer species},
  journal   = {Journal of Ecology},
  year      = {2002},
  volume    = {90},
  number    = {3},
  pages     = {557--568},
  publisher = {Wiley Online Library},
}

@Article{Mice2011,
  author  = {Stef {van Buuren} and Karin Groothuis-Oudshoorn},
  title   = {{mice}: Multivariate Imputation by Chained Equations in R},
  journal = {Journal of Statistical Software},
  year    = {2011},
  volume  = {45},
  number  = {3},
  pages   = {1--67},
}

@Article{Aubry-Kientz2015,
  author  = {Aubry-Kientz, M. and Rossi, V. and Wagner, F. and H{\'{e}}rault, B.},
  title   = {{Identifying climatic drivers of tropical forest dynamics}},
  journal = {Biogeosciences},
  year    = {2015},
  volume  = {12},
  number  = {19},
  pages   = {5583--5596},
}

@Article{Dezecache2017b,
  author  = {Dez{\'{e}}cache, Camille and Salles, Jean Michel and Vieilledent, Ghislain and H{\'{e}}rault, Bruno},
  title   = {{Moving forward socio-economically focused models of deforestation}},
  journal = {Global Change Biology},
  year    = {2017},
  volume  = {23},
  number  = {9},
  pages   = {3484--3500},
}

@InCollection{Herault2016,
  author    = {H{\'e}rault, Bruno and Gourlet-Fleury, Sylvie},
  title     = {Will tropical rainforests survive climate change?},
  booktitle = {Climate Change and Agriculture Worldwide},
  publisher = {Springer},
  year      = {2016},
  pages     = {183--196},
}

@Article{Dezecache2017a,
  author  = {Dez{\'{e}}cache, Camille and Faure, Emmanuel and Gond, Val{\'{e}}ry and Salles, Jean Michel and Vieilledent, Ghislain and H{\'{e}}rault, Bruno},
  title   = {{Gold-rush in a forested El Dorado: Deforestation leakages and the need for regional cooperation}},
  journal = {Environmental Research Letters},
  year    = {2017},
  volume  = {12},
  number  = {3},
}

@Article{Adler2007,
  author  = {Adler, Peter B. and HilleRislambers, Janneke and Levine, Jonathan M.},
  title   = {{A niche for neutrality}},
  journal = {Ecology Letters},
  year    = {2007},
  volume  = {10},
  number  = {2},
  pages   = {95--104},
}

@Article{Norden2009,
  author  = {Norden, Natalia and Chazdon, Robin L. and Chao, Anne and Jiang, Yi Huei and V{\'{i}}lchez-Alvarado, Braulio},
  title   = {{Resilience of tropical rain forests: Tree community reassembly in secondary forests}},
  journal = {Ecology Letters},
  year    = {2009},
  volume  = {12},
  number  = {5},
  pages   = {385--394},
}

@Article{Herault2010,
  author  = {Herault, Bruno and Ouallet, Julia and Blanc, Lilian and Wagner, Fabien and Baraloto, Christopher},
  title   = {{Growth Responses of Neotropical Trees to Logging Gaps}},
  journal = {Journal of Applied Ecology},
  year    = {2010},
  volume  = {47},
  number  = {4},
  pages   = {821--831},
}

@Article{DeAvila2016,
  author  = {de Avila, Angela Luciana and Schwartz, Gustavo and Ruschel, Ademir Roberto and Lopes, Jos{\'{e}} do Carmo and Silva, Jos{\'{e}} Natalino Macedo and de Carvalho, Jo{\~{a}}o Oleg{\'{a}}rio Pereira and Dormann, Carsten F. and Mazzei, Lucas and Soares, Marcio Hofmann Mota and Bauhus, J{\"{u}}rgen},
  title   = {{Recruitment, growth and recovery of commercial tree species over 30years following logging and thinning in a tropical rain forest}},
  journal = {Forest Ecology and Management},
  year    = {2016},
  volume  = {385},
  pages   = {225--235},
}

@Article{Ackerly2003,
  author  = {Ackerly, David D.},
  title   = {{Community Assembly, Niche Conservatism, and Adaptive Evolution in Changing Environments}},
  journal = {International Journal of Plant Sciences},
  year    = {2003},
  volume  = {164},
  number  = {3},
  pages   = {165--184},
}

@Article{Villeger2008a,
  author  = {Vill{\'{e}}ger and Mason and Mouillot},
  title   = {{New multidimensional functional diversity indices for a multifaceted framwork in functional ecology}},
  journal = {Ecology},
  year    = {2008},
  volume  = {89},
  number  = {8},
  pages   = {2290--2301},
}

@Article{Chao2015,
  author  = {Chao, Anne and Jost, Lou},
  title   = {{Estimating diversity and entropy profiles via discovery rates of new species}},
  journal = {Methods in Ecology and Evolution},
  year    = {2015},
  volume  = {6},
  number  = {8},
  pages   = {873--882},
}

@Article{Tothmeresz1995,
  author  = {T{\'{o}}thm{\'{e}}r{\'{e}}sz, B{\'{e}}la},
  title   = {{Comparison of different methods for diversity ordering}},
  journal = {Journal of Vegetation Science},
  year    = {1995},
  volume  = {6},
  number  = {2},
  pages   = {283--290},
}

@Misc{Patil1982,
  author    = {Patil, G.P. and C., Taillie},
  title     = {{Diversity as a concept and its measuremente: Rejoinder}},
  year      = {1982},
  booktitle = {Journal of American Statistical Association},
  number    = {379},
  pages     = {565--567},
  volume    = {77},
}

@Article{Anderson2007,
  author  = {Anderson, Kristina J},
  title   = {{Temporal patterns in rates of community change during succession.}},
  journal = {The American naturalist},
  year    = {2007},
  volume  = {169},
  number  = {6},
  pages   = {780--93},
}

@Article{Anderson-Teixeira2013,
  author  = {Anderson-Teixeira, Kristina J. and Miller, Adam D. and Mohan, Jacqueline E. and Hudiburg, Tara W. and Duval, Benjamin D. and DeLucia, Evan H.},
  title   = {{Altered dynamics of forest recovery under a changing climate}},
  journal = {Global Change Biology},
  year    = {2013},
  volume  = {19},
  number  = {7},
  pages   = {2001--2021},
}

@Article{Leclerc2015,
  author  = {Leclerc, Thomas and Vimal, Ruppert and Troispoux, Val{\'{e}}rie and P{\'{e}}rigon, Sophie and Scotti, Ivan},
  title   = {{Life after disturbance (I): changes in the spatial genetic structure of Jacaranda copaia (Aubl.) D. Don (Bignonianceae) after logging in an intensively studied plot in French Guiana}},
  journal = {Annals of Forest Science},
  year    = {2015},
  volume  = {72},
  number  = {5},
  pages   = {509--516},
}

@Article{Scotti2015a,
  author  = {Scotti, Ivan and Montaigne, William and Cseke, Kl{\'{a}}ra and Traissac, St{\'{e}}phane},
  title   = {{Life after disturbance (II): the intermediate disturbance hypothesis explains genetic variation in forest gaps dominated by Virola michelii Heckel (Myristicaceae)}},
  journal = {Annals of Forest Science},
  year    = {2015},
  volume  = {72},
  number  = {8},
  pages   = {1035--1042},
}

@Article{Denslow1987,
  author    = {Denslow, Julie Sloan},
  title     = {Tropical rainforest gaps and tree species diversity},
  journal   = {Annual review of ecology and systematics},
  year      = {1987},
  volume    = {18},
  number    = {1},
  pages     = {431--451},
  publisher = {Annual Reviews 4139 El Camino Way, PO Box 10139, Palo Alto, CA 94303-0139, USA},
}

@Article{Harms2000,
  author  = {Harms, Kyle E. and Wright, S. Joseph and Calder{\'{o}}n, Osvaldo and Hern{\'{a}}ndez, Andr{\'{e}}s and Herre, Edward Allen},
  title   = {{Pervasive density-dependent recruitment enhances seedling diversity in a tropical forest}},
  journal = {Nature},
  year    = {2000},
  volume  = {404},
  number  = {6777},
  pages   = {493--495},
}

@Article{Bongers2009,
  author  = {Bongers, Frans and Poorter, Lourens and Hawthorne, William D. and Sheil, Douglas},
  title   = {{The intermediate disturbance hypothesis applies to tropical forests, but disturbance contributes little to tree diversity}},
  journal = {Ecology Letters},
  year    = {2009},
  volume  = {12},
  number  = {8},
  pages   = {798--805},
}

@Article{TerSteege2001,
  author  = {Ter Steege, Hans and Hammond, David S},
  title   = {{Character Convergence , Diversity , and Disturbance in Tropical Rain Forest in Guyana}},
  journal = {Ecology},
  year    = {2001},
  volume  = {82},
  number  = {11},
  pages   = {3197--3212},
}

@Article{Li2016,
  author  = {Li, Shao Peng and Cadotte, Marc W. and Meiners, Scott J. and Pu, Zhichao and Fukami, Tadashi and Jiang, Lin},
  title   = {{Convergence and divergence in a long-term old-field succession: the importance of spatial scale and species abundance}},
  journal = {Ecology Letters},
  year    = {2016},
  volume  = {19},
  number  = {9},
  pages   = {1101--1109},
}

@Article{Putz2012,
  author  = {Putz, Francis E and Zuidema, Pieter A and Synnott, Timothy and Pe{\~{n}}a-Claros, Marielos and Pinard, Michelle A and Sheil, Douglas and Vanclay, Jerome K and Sist, Plinio and Gourlet-Fleury, Sylvie and Griscom, Bronson and Palmer, John and Zagt, Roderick},
  title   = {{Sustaining conservation values in selectively logged tropical forests: the attained and the attainable}},
  journal = {Conservation Letters},
  year    = {2012},
  volume  = {5},
  number  = {4},
  pages   = {296--303},
}

@Article{Sebbenn2008,
  author  = {Sebbenn, Alexandre M. and Degen, Bernd and Azevedo, V{\^{a}}nia C.R. and Silva, Marivana B. and de Lacerda, Andr{\'{e}} E.B. and Ciampi, Ana Y. and Kanashiro, Milton and Carneiro, Francimary da S. and Thompson, Ian and Loveless, Marilyn D.},
  title   = {{Modelling the long-term impacts of selective logging on genetic diversity and demographic structure of four tropical tree species in the Amazon forest}},
  journal = {Forest Ecology and Management},
  year    = {2008},
  volume  = {254},
  number  = {2},
  pages   = {335--349},
}

@Article{Vidal2016,
  author  = {Vidal, Edson and West, Thales A.P. and Putz, Francis E.},
  title   = {{Recovery of biomass and merchantable timber volumes twenty years after conventional and reduced-impact logging in Amazonian Brazil}},
  journal = {Forest Ecology and Management},
  year    = {2016},
  volume  = {376},
  pages   = {1--8},
}

@Article{Vinson2015,
  author  = {Vinson, C. C. and Kanashiro, M. and Harris, S. A. and Boshier, D. H.},
  title   = {{Impacts of selective logging on inbreeding and gene flow in two Amazonian timber species with contrasting ecological and reproductive characteristics}},
  journal = {Molecular Ecology},
  year    = {2015},
  volume  = {24},
  number  = {1},
  pages   = {38--53},
}

@Article{Schwartz2017,
  author  = {Schwartz, Gustavo and Falkowski, Vanessa and Pe{\~{n}}a-Claros, Marielos},
  title   = {{Natural regeneration of tree species in the Eastern Amazon: Short-term responses after reduced-impact logging}},
  journal = {Forest Ecology and Management},
  year    = {2017},
  volume  = {385},
  pages   = {97--103},
}

@Article{Meiners2015,
  author  = {Meiners, Scott J. and Cadotte, Marc W. and Fridley, Jason D. and Pickett, Steward T.A. and Walker, Lawrence R.},
  title   = {{Is successional research nearing its climax? New approaches for understanding dynamic communities}},
  journal = {Functional Ecology},
  year    = {2015},
  volume  = {29},
  number  = {2},
  pages   = {154--164},
}

@Article{Wright2004,
  author  = {Wright, Ian J. and Reich, Peter B. and Westoby, Mark and Ackerly, David D. and Baruch, Zdravko and Bongers, Frans and Cavender-Bares, Jeannine and Chapin, Terry and Cornelissen, Johannes H. C. and Diemer, Matthias and Flexas, Jaume and Garnier, Eric and Groom, Philip K. and Gulias, Javier and Hikosaka, Kouki and Lamont, Byron B. and Lee, Tali and Lee, William and Lusk, Christopher and Midgley, Jeremy J. and Navas, Marie-Laure and Niinemets, {\&}{\#}220;lo and Oleksyn, Jacek and Osada, Noriyuki and Poorter, Hendrik and Poot, Pieter and Prior, Lynda and Pyankov, Vladimir I. and Roumet, Catherine and Thomas, Sean C. and Tjoelker, Mark G. and Veneklaas, Erik J. and Villar, Rafael},
  title   = {{The worldwide leaf economics spectrum}},
  journal = {Nature},
  year    = {2004},
  volume  = {428},
  number  = {6985},
  pages   = {821--827},
}

@Article{Blanc2009,
  author  = {Blanc, Lilian and Echard, Marion and Herault, Bruno and Bonal, Damien and Marcon, Eric and Baraloto, Christopher and Chave, Jerome},
  title   = {{carbon stocks Dynamics of aboveground in a selectively logged tropical forest}},
  journal = {Ecological Applications},
  year    = {2009},
  volume  = {19},
  number  = {6},
  pages   = {1397--1404},
}

@Article{Aubry-Kientz2013,
  author  = {Aubry-Kientz, M{\'{e}}laine and H{\'{e}}rault, Bruno and Ayotte-Tr{\'{e}}panier, Charles and Baraloto, Christopher and Rossi, Vivien},
  title   = {{Toward Trait-Based Mortality Models for Tropical Forests}},
  journal = {PLoS ONE},
  year    = {2013},
  volume  = {8},
  number  = {5},
}

@Article{Diaz2007,
  author    = {D{\'\i}az, Sandra and Lavorel, Sandra and de Bello, Francesco and Qu{\'e}tier, Fabien and Grigulis, Karl and Robson, T Matthew},
  title     = {Incorporating plant functional diversity effects in ecosystem service assessments},
  journal   = {Proceedings of the National Academy of Sciences},
  year      = {2007},
  volume    = {104},
  number    = {52},
  pages     = {20684--20689},
  publisher = {National Acad Sciences},
}

@Article{Haddad2008,
  author  = {Haddad, Nick M. and Holyoak, Marcel and Mata, Tawny M. and Davies, Kendi F. and Melbourne, Brett A. and Preston, Kim},
  title   = {{Species' traits predict the effects of disturbance and productivity on diversity}},
  journal = {Ecology Letters},
  year    = {2008},
  volume  = {11},
  number  = {4},
  pages   = {348--356},
}

@Article{Chesson2000,
  author  = {Chesson, Peter},
  title   = {Mechanisms of maintenance of species diversity},
  journal = {Annual review of Ecology and Systematics},
  year    = {2000},
  volume  = {31},
  number  = {1},
  pages   = {343--366},
}

@Article{Schleuning2016,
  author  = {Schleuning, Matthias and Fruend, Jochen and Schweiger, Oliver and Welk, Erik and Albrecht, Joerg and Albrecht, Matthias and Beil, Marion and Benadi, Gita and Bluethgen, Nico and Bruelheide, Helge and others},
  title   = {Ecological networks are more sensitive to plant than to animal extinction under climate change},
  journal = {Nature communications},
  year    = {2016},
  volume  = {7},
  pages   = {13965},
}

@Article{Walker2009,
  author    = {Walker, Lawrence R and del Moral, Roger},
  title     = {Transition dynamics in succession: implications for rates, trajectories and restoration},
  journal   = {New models for ecosystem dynamics and restoration},
  year      = {2009},
  pages     = {33--49},
  publisher = {Island Press Washington, DC, US},
}

@Article{Svenning2005,
  author  = {Svenning, J.C. and Wright, S.J.},
  title   = {{Seed Limitation in a Panamian Forest}},
  journal = {Journal of Ecology},
  year    = {2005},
  volume  = {93},
  number  = {5},
  pages   = {853--562},
}

@Article{Gravel2006,
  author  = {Gravel, Dominique and Canham, Charles D. and Beaudet, Marilou and Messier, Christian},
  title   = {{Reconciling niche and neutrality: The continuum hypothesis}},
  journal = {Ecology Letters},
  year    = {2006},
  volume  = {9},
  number  = {4},
  pages   = {399--409},
}

@Article{Mayfield2010,
  author  = {Mayfield, Margaret M. and Levine, Jonathan M.},
  title   = {{Opposing effects of competitive exclusion on the phylogenetic structure of communities}},
  journal = {Ecology Letters},
  year    = {2010},
  volume  = {13},
  number  = {9},
  pages   = {1085--1093},
}

@Article{Chase2003,
  author  = {Chase, Jonathan M.},
  title   = {{Community assembly: When should history matter?}},
  journal = {Oecologia},
  year    = {2003},
  volume  = {136},
  number  = {4},
  pages   = {489--498},
}

@Article{Schmitt1990,
  author  = {Schmitt, L. and Bariteau, M.},
  title   = {{Management of the guianese forest ecosystem : study of growth and natural regeneration (Paracou program)}},
  journal = {Bois et For{\^{e}}ts des Tropiques},
  year    = {1989},
  volume  = {220},
  pages   = {3},
}

@Manual{Biomass2018,
  title   = {BIOMASS: Estimating Aboveground Biomass and Its Uncertainty in Tropical Forests},
  author  = {Maxime R{\'{e}}jou-M{\'{e}}chain and Ariane Tanguy and Camille Piponiot and J{\'{e}}r{\^{o}}me Chave and Bruno H{\'{e}}rault},
  year    = {2018},
  journal = {R Package Version},
  volume  = {1},
}

@Article{Carmona2016,
  author  = {Carmona, Carlos P. and de Bello, Francesco and Mason, Norman W.H. and Lep{\v{s}}, Jan},
  title   = {{Traits Without Borders: Integrating Functional Diversity Across Scales}},
  journal = {Trends in Ecology and Evolution},
  year    = {2016},
  volume  = {31},
  number  = {5},
  pages   = {382--394},
}

@Article{DeAvila2015,
  author    = {de Avila, Angela Luciana and Ruschel, Ademir Roberto and de Carvalho, Jo{\~{a}}o Oleg{\'{a}}rio Pereira and Mazzei, Lucas and Silva, Jos{\'{e}} Natalino Macedo and Lopes, Jos{\'{e}} do Carmo and Araujo, Maristela Machado and Dormann, Carsten F. and Bauhus, J{\"{u}}rgen},
  title     = {{Medium-term dynamics of tree species composition in response to silvicultural intervention intensities in a tropical rain forest}},
  journal   = {Biological Conservation},
  year      = {2015},
  volume    = {191},
  pages     = {577--586},
  publisher = {Elsevier B.V.},
}

@Article{Hu2018,
  author    = {Hu, Jing and Herbohn, John and Chazdon, Robin L. and Baynes, Jack and Wills, Jarrah and Meadows, John and Sohel, Md Shawkat I.},
  title     = {{Recovery of species composition over 46 years in a logged Australian tropical forest following different intensity silvicultural treatments}},
  journal   = {Forest Ecology and Management},
  year      = {2018},
  volume    = {409},
  pages     = {660--666},
  publisher = {Elsevier},
}

@Article{CazzollaGatti2014,
  author  = {{Cazzolla Gatti}, Roberto and Castaldi, Simona and Lindsell, Jeremy A. and Coomes, David A. and Marchetti, Marco and Maesano, Mauro and {Di Paola}, Arianna and Paparella, Francesco and Valentini, Riccardo},
  title   = {{The impact of selective logging and clearcutting on forest structure, tree diversity and above-ground biomass of African tropical forests}},
  journal = {Ecological Research},
  year    = {2014},
  volume  = {30},
  pages   = {119--132},
}

@Article{Busing2002,
  author    = {Busing, Richard T and Brokaw, Nicholas},
  title     = {Tree species diversity in temperate and tropical forest gaps: the role of lottery recruitment},
  journal   = {Folia geobotanica},
  year      = {2002},
  volume    = {37},
  number    = {1},
  pages     = {33--43},
  publisher = {Springer},
}

@Article{Tilman2014,
  author  = {Tilman, David and Isbell, Forest and Cowles, Jane M.},
  title   = {{Biodiversity and Ecosystem Functioning}},
  journal = {Annual Review of Ecology, Evolution, and Systematics},
  year    = {2014},
  volume  = {45},
  number  = {1},
  pages   = {471--493},
}

@Article{Olander2005,
  author  = {Olander, Lydia P and Bustamante, Mercedes M and Asner, Gregory P},
  title   = {{Surface Soil Changes Following Selective Logging in an Eastern Amazon Forest}},
  journal = {Earth Interaction},
  year    = {2005},
  volume  = {9},
  number  = {4},
}

@Article{Reich2014,
  author  = {Reich, Peter B.},
  title   = {{The world-wide 'fast-slow' plant economics spectrum: A traits manifesto}},
  journal = {Journal of Ecology},
  year    = {2014},
  volume  = {102},
  pages   = {275--301},
}

@Article{Westoby1998,
  author  = {Westoby, Mark},
  title   = {{A leaf-height-seed (LHS) plant ecology strategy scheme}},
  journal = {Plant and Soil},
  year    = {1998},
  volume  = {199},
  pages   = {213--227},
}

@Article{Hubbell1999,
  author  = {Hubbell, S P and Foster, R B and O'Brien, S T and Harms, K E and Condit, R and Wechsler, B and Wright, S J and {De Lao}, S Loo},
  title   = {{Light-gap disturbances, recruitment limitation, and tree diversity in a neotropical forest}},
  journal = {Science},
  year    = {1999},
  volume  = {283},
  number  = {5401},
  pages   = {554--557},
}

@Article{Cramer2007,
  author  = {Cramer, Jennifer M. and Mesquita, R. C G and {Bruce Williamson}, G.},
  title   = {{Forest fragmentation differentially affects seed dispersal of large and small-seeded tropical trees}},
  journal = {Biological Conservation},
  year    = {2007},
  volume  = {137},
  number  = {3},
  pages   = {415--423},
}

@Article{Paciorek2000,
  author  = {Paciorek, C J and Condit, R and Hubbell, S P and Foster, R B},
  title   = {{The demographics of resprouting in tree and shrub species of a moist tropical forest}},
  journal = {Journal Of Ecology. Oct},
  year    = {2000},
  volume  = {88},
  number  = {5},
  pages   = {765--777},
}

@Article{Zimmerman1994,
  author  = {Zimmerman, Jess K and Everham, E M and Waide, Robert B and Lodge, D Jean and Taylor, C M and Brokaw, Nicholas V L},
  title   = {{Responses of Tree Species to Hurricane Winds in Subtropical Wet Forest in Puerto-Rico - Implications for Tropical Tree Life- Histories}},
  journal = {Journal of Ecology},
  year    = {1994},
  volume  = {82},
  number  = {4},
  pages   = {911--922},
}

@Article{Westoby2006a,
  author  = {Westoby, Mark and Wright, Ian J.},
  title   = {{Land-plant ecology on the basis of functional traits}},
  journal = {Trends in Ecology and Evolution},
  year    = {2006},
  volume  = {21},
  number  = {5},
  pages   = {261--268},
}

@Article{Flores2006,
  author  = {Flores, Olivier and Gourlet-Fleury, Sylvie and Picard, Nicolas},
  title   = {{Local disturbance, forest structure and dispersal effects on sapling distribution of light-demanding and shade-tolerant species in a French Guianian forest}},
  journal = {Acta Oecologica},
  year    = {2006},
  volume  = {29},
  number  = {2},
  pages   = {141--154},
}

@Article{Tilman1997,
  author  = {Tilman, D.},
  title   = {{The Influence of Functional Diversity and Composition on Ecosystem Processes}},
  journal = {Science},
  year    = {1997},
  volume  = {277},
  number  = {5330},
  pages   = {1300--1302},
}

@Article{Garnier2001a,
  author  = {Garnier, E. and Laurent, G. and Bellmann, a. and Debain, S. and Berthelier, P. and Ducout, B. and Roumet, C. and Navas, M. L.},
  title   = {{Consistency of species ranking based on functional leaf traits}},
  journal = {New Phytologist},
  year    = {2001},
  volume  = {152},
  pages   = {69--83},
}

@Article{Mouillot2011,
  author    = {Mouillot, David and Vill{\'{e}}ger, S{\'{e}}bastien and Scherer-Lorenzen, Michael and Mason, Norman W.H.},
  title     = {{Functional structure of biological communities predicts ecosystem multifunctionality}},
  journal   = {PLoS ONE},
  year      = {2011},
  volume    = {6},
  number    = {3},
  pages     = {e17476},
  publisher = {Public Library of Science},
}

@Article{Chazdon2003a,
  author  = {Chazdon, Robin L.},
  title   = {{Tropical forest recovery: legacies of human impact and natural disturbances}},
  journal = {Perspectives in Plant Ecology, Evolution and Systematics},
  year    = {2003},
  volume  = {6},
  number  = {1-2},
  pages   = {51--71},
}

@Article{Bonnell2011,
  author  = {Bonnell, Tyler R. and Reyna-Hurtado, Rafael and Chapman, Colin A.},
  title   = {{Post-logging recovery time is longer than expected in an East African tropical forest}},
  journal = {Forest Ecology and Management},
  year    = {2011},
  volume  = {261},
  number  = {4},
  pages   = {855--864},
}

@Article{Violle2007b,
  author  = {Violle, Cyrille and Navas, Marie-Laure Laure and Vile, Denis and Kazakou, Elena and Fortunel, Claire and Hummel, Ir{\`{e}}ne and Garnier, Eric},
  title   = {{Let the concept of trait be functional!}},
  journal = {Oikos},
  year    = {2007},
  volume  = {116},
  number  = {5},
  pages   = {882--892},
}

@Article{Chaudhary2016,
  author    = {Chaudhary, Abhishek and Burivalova, Zuzana and Koh, Lian Pin and Hellweg, Stefanie},
  title     = {{Impact of Forest Management on Species Richness: Global Meta-Analysis and Economic Trade-Offs}},
  journal   = {Scientific Reports},
  year      = {2016},
  volume    = {6},
  pages     = {1--10},
  publisher = {Nature Publishing Group},
}

@Article{Entropart2015,
  author  = {Eric Marcon and Bruno H{\'e}rault},
  title   = {{entropart}: An {R} Package to Measure and Partition Diversity},
  journal = {Journal of Statistical Software},
  year    = {2015},
  volume  = {67},
  number  = {8},
  pages   = {1--26},
}

@Article{Agrawal2011,
  author  = {Agrawal, Anurag A.},
  title   = {{Reducing emissions from deforestation and forest degradation}},
  journal = {Annual Review of Environment and Resources},
  year    = {2011},
  volume  = {36},
  pages   = {373--396},
}

@Article{Ugland2003,
  author    = {Ugland, Karl I and Gray, John S and Ellingsen, Kari E},
  title     = {The species--accumulation curve and estimation of species richness},
  journal   = {Journal of Animal Ecology},
  year      = {2003},
  volume    = {72},
  number    = {5},
  pages     = {888--897},
  publisher = {Wiley Online Library},
}

@TechReport{ITTO2005,
  author      = {ITTO},
  title       = {{Revised ITTO Criteria and indicators of the sustainable management of tropical forests including reporting format.}},
  institution = {ITTO Policy Develpment Series No. 15},
  year        = {2005},
  address     = {Yokohama, Japan},
}

@Article{Denslow2000,
  author  = {Denslow, Julie Sloan and Guzman, G Sandra},
  title   = {{Variation in stand structure, light and seedling abundance across a tropical moist forest chronosequence, Panama}},
  journal = {Journal of Vegetation Science},
  year    = {2000},
  volume  = {11},
  number  = {2},
  pages   = {201--212.},
}

@Article{Martin2015,
  author  = {Martin, Philip A. and Newton, Adrian C. and Pfeifer, Marion and Khoo, MinSheng and Bullock, James M.},
  title   = {{Impacts of tropical selective logging on carbon storage and tree species richness: A meta-analysis}},
  journal = {Forest Ecology and Management},
  year    = {2015},
  volume  = {356},
  pages   = {224--233},
}

@Article{Gibson2011,
  author    = {Gibson, Luke and Lee, Tien Ming and Koh, Lian Pin and Brook, Barry W. and Gardner, Toby a. and Barlow, Jos and Peres, Carlos a. and Bradshaw, Corey J. a. and Laurance, William F. and Lovejoy, Thomas E. and Sodhi, Navjot S.},
  title     = {{Primary forests are irreplaceable for sustaining tropical biodiversity}},
  journal   = {Nature},
  year      = {2011},
  volume    = {478},
  number    = {7369},
  pages     = {378--381},
  publisher = {Nature Publishing Group},
}

@Article{Edwards2014,
  author    = {Edwards, David P and Tobias, Joseph A and Sheil, Douglas and Meijaard, Erik and Laurance, William F},
  title     = {Maintaining ecosystem function and services in logged tropical forests},
  journal   = {Trends in ecology \& evolution},
  year      = {2014},
  volume    = {29},
  number    = {9},
  pages     = {511--520},
  publisher = {Elsevier},
}

@Article{Otani2018,
  author  = {Otani, Tatsuya and Lima, Adriano J.N. and Suwa, Rempei and Amaral, Marcio R.M. and Ohashi, Shinta and Pinto, Alberto C.M. and {Dos Santos}, Joaquim and Kajimoto, Takuya and Higuchi, Niro and Ishizuka, Moriyoshi},
  title   = {{Recovery of above-ground tree biomass after moderate selective logging in a central Amazonian forest}},
  journal = {IForest},
  year    = {2018},
  volume  = {11},
  number  = {3},
  pages   = {352--359},
}

@Article{Mouquet2003,
  author    = {Mouquet, Nicolas and Loreau, Michel},
  title     = {Community patterns in source-sink metacommunities},
  journal   = {The american naturalist},
  year      = {2003},
  volume    = {162},
  number    = {5},
  pages     = {544--557},
  publisher = {The University of Chicago Press},
}

@Article{Funk2017,
  author  = {Funk, Jennifer L. and Larson, Julie E. and Ames, Gregory M. and Butterfield, Bradley J. and Cavender-Bares, Jeannine and Firn, Jennifer and Laughlin, Daniel C. and Sutton-Grier, Ariana E. and Williams, Laura and Wright, Justin},
  title   = {{Revisiting the Holy Grail: using plant functional traits to understand ecological processes}},
  journal = {Biological Reviews},
  year    = {2017},
  volume  = {92},
  number  = {2},
  pages   = {1156--1173},
}

@Article{terSteege2000,
  author    = {{Ter Steege}, Hans and Sabatier, Daniel and Castellanos, Hern{\'{a}}n and Andel, Tinde Van and Duivenvoorden, Joost and Oliveira, Alexandre Adalardo De and Ek, Renske and Lilwah, Ramesh and Maas, Paul and Mori, Scott},
  title     = {{An analysis of the floristic composition and diversity of Amazonian forest including those of the Guiana Shield}},
  journal   = {Journal of Tropical Ecology},
  year      = {2000},
  volume    = {16},
  number    = {6},
  pages     = {801--828},
  publisher = {AgroParisTech},
}

@Article{Podani2013,
  author  = {Podani, J{\'{a}}nos and Ricotta, Carlo and Schmera, D{\'{e}}nes},
  title   = {{A general framework for analyzing beta diversity, nestedness and related community-level phenomena based on abundance data}},
  journal = {Ecological Complexity},
  year    = {2013},
  volume  = {15},
  pages   = {52--61},
}

@Article{Kariuki2006a,
  author  = {Kariuki, Maina and Kooyman, Robert M. and Smith, R. G B and Wardell-Johnson, Grant and Vanclay, Jerome K.},
  title   = {{Regeneration changes in tree species abundance, diversity and structure in logged and unlogged subtropical rainforest over a 36-year period}},
  journal = {Forest Ecology and Management},
  year    = {2006},
  volume  = {236},
  number  = {2-3},
  pages   = {162--176},
}

@Book{Hubbell2001,
  title     = {{The Unified Neutral Theory of Biodiversity and Biogeography}},
  publisher = {Princeton University Press},
  year      = {2001},
  author    = {Hubbell, Stephen P.},
  booktitle = {Monographs in population Biology},
}

@Article{Molino2001,
  author  = {Molino, J F and Sabatier, Daniel},
  title   = {{Tree diversity in tropical rain forests: a validation of the intermediate disturbance hypothesis.}},
  journal = {Science (New York, N.Y.)},
  year    = {2001},
  volume  = {294},
  number  = {5547},
  pages   = {1702--1704},
}

@Article{Sheil2003,
  author  = {Sheil, Douglas and Burslem, David F.R.P.},
  title   = {{Disturbing hypotheses in tropical forests}},
  journal = {Trends in Ecology and Evolution},
  year    = {2003},
  volume  = {18},
  number  = {1},
  pages   = {18--26},
}

@Article{Denslow1998,
  author    = {Denslow, Julie S and Ellison, Aaron M and Sanford, Robert E},
  title     = {Treefall gap size effects on above-and below-ground processes in a tropical wet forest},
  journal   = {Journal of Ecology},
  year      = {1998},
  volume    = {86},
  number    = {4},
  pages     = {597--609},
  publisher = {Wiley Online Library},
}

@Article{Goulamoussene2017,
  author  = {Goulamouss{\`{e}}ne, Youven and Bedeau, Caroline and Descroix, Laurent and Linguet, Laurent and H{\'{e}}rault, Bruno},
  title   = {{Environmental control of natural gap size distribution in tropical forests}},
  journal = {Biogeosciences},
  year    = {2017},
  volume  = {14},
  number  = {2},
  pages   = {353--364},
}

@Article{Grime1998,
  author    = {Grime, JP},
  title     = {Benefits of plant diversity to ecosystems: immediate, filter and founder effects},
  journal   = {Journal of Ecology},
  year      = {1998},
  volume    = {86},
  number    = {6},
  pages     = {902--910},
  publisher = {Wiley Online Library},
}

@Article{McGill2006,
  author  = {McGill, Brian J. and Enquist, Brian J. and Weiher, Evan and Westoby, Mark},
  title   = {{Rebuilding community ecology from functional traits}},
  journal = {Trends in Ecology and Evolution},
  year    = {2006},
  volume  = {21},
  number  = {4},
  pages   = {178--185},
}

@Article{Kunstler2012,
  author  = {Kunstler, Georges and Lavergne, S{\'{e}}bastien and Courbaud, Beno{\^{i}}t and Thuiller, Wilfried and Vieilledent, Ghislain and Zimmermann, Niklaus E. and Kattge, Jens and Coomes, David A.},
  title   = {{Competitive interactions between forest trees are driven by species' trait hierarchy, not phylogenetic or functional similarity: Implications for forest community assembly}},
  journal = {Ecology Letters},
  year    = {2012},
  volume  = {15},
  number  = {8},
  pages   = {831--840},
}

@Article{Silvertown2004,
  author    = {Silvertown, Jonathan},
  title     = {Plant coexistence and the niche},
  journal   = {Trends in Ecology \& Evolution},
  year      = {2004},
  volume    = {19},
  number    = {11},
  pages     = {605--611},
  publisher = {Elsevier},
}

@TechReport{DeNoter2008,
  author      = {de Noter, C.},
  title       = {{Etat des connaissances, analyse et synth{\`{e}}se bibliographique sur la faune de Guyane en vue d'{\'{e}}tudier les potentialit{\'{e}}s de d{\'{e}}veloppement {\'{e}}conomique et de transfert de technologies.}},
  institution = {DRRT Guyane},
  year        = {2008},
  pages       = {59},
}

@Article{Sabatier1997,
  author  = {Sabatier, Daniel and Grimaldi, Michel and Pr{\'{e}}vost, Marie-Fran{\c{c}}oise and Guillaume, J. and Gordon, M. and Dosso, M. and Curmi, P.},
  title   = {{The influence of soil cover organization on the floristic and structural heterogeneity of a Guianan rain forest}},
  journal = {Plant Ecology},
  year    = {1997},
  volume  = {131},
  number  = {1},
  pages   = {81--108},
}

@Article{Sabatier1989,
  author  = {Sabatier, Daniel and Pr{\'e}vost, Marie-Fran{\c{c}}oise},
  title   = {Quelques donn{\'e}es sur la composition floristique et la diversit{\'e} des peuplements forestiers},
  journal = {Bois \& Forêts des Tropiques},
  year    = {1989},
  volume  = {219},
  number  = {219},
  pages   = {31--55},
}

@Article{Asner2004,
  author  = {Asner, Gregory P. and Keller, Michael and Silva, Jose Natalino M},
  title   = {{Spatial and temporal dynamics of forest canopy gaps following selective logging in the eastern Amazon}},
  journal = {Global Change Biology},
  year    = {2004},
  volume  = {10},
  number  = {5},
  pages   = {765--783},
}

@Article{Schnitzer2001,
  author  = {Schnitzer, Stefan A and Carson, Walter P},
  title   = {{Treefall Gaps and the Maintenance of Species Diversity in a Tropical Forest}},
  journal = {Ecology},
  year    = {2001},
  volume  = {82},
  number  = {4},
  pages   = {913--919},
}

@Article{Denslow1980,
  author  = {Denslow, Julie Sloan},
  title   = {{Gap Partitioning among Tropical Rainforest Trees}},
  journal = {Biotropica},
  year    = {1980},
  volume  = {12},
  number  = {2},
  pages   = {47--55},
}

@Article{Ferry2010,
  author  = {Ferry, Bruno and Morneau, Fran{\c{c}}ois and Bontemps, Jean Daniel and Blanc, Lilian and Freycon, Vincent},
  title   = {{Higher treefall rates on slopes and waterlogged soils result in lower stand biomass and productivity in a tropical rain forest}},
  journal = {Journal of Ecology},
  year    = {2010},
  volume  = {98},
  number  = {1},
  pages   = {106--116},
}

@Article{Robert2003,
  author  = {Robert, A. and Moravie, M. A.},
  title   = {{Topographic variation and stand heterogeneity in a wet evergreen forest in India}},
  journal = {Journal of Tropical Ecology},
  year    = {2003},
  volume  = {19},
  pages   = {697--707},
}

@Article{Guitet2015,
  author  = {Guitet, St{\'{e}}phane and P{\'{e}}lissier, Rapha{\"{e}}l and Brunaux, Olivier and Jaouen, Ga{\"{e}}lle and Sabatier, Daniel},
  title   = {{Geomorphological landscape features explain floristic patterns in French Guiana rainforest}},
  journal = {Biodiversity and Conservation},
  year    = {2015},
  volume  = {24},
  number  = {5},
  pages   = {1215--1237},
}

@Article{Johns1996,
  author  = {Johns, Jennifer S. and Barreto, Paulo and Uhl, Christopher},
  title   = {{Logging damage during planned and unplanned logging operations in the eastern Amazon}},
  journal = {Forest Ecology and Management},
  year    = {1996},
  volume  = {89},
  number  = {1-3},
  pages   = {59--77},
}

@Article{Elmqvist2003,
  author  = {Elmqvist, T and Folke, C and Nystrom, M and Peterson, G and Bengtsson, J and Walker, B and Norberg, J},
  title   = {{Response diversity, ecosystem change, and resilience}},
  journal = {Frontiers in Ecology and the Environment},
  year    = {2003},
  volume  = {1},
  number  = {9},
  pages   = {488--494},
}

@Book{Begon2006,
  title  = {Ecology: from individuals to ecosystems},
  year   = {2006},
  author = {Begon, Michael and Townsend, Colin R and Harper, John L},
  number = {Sirsi) i9781405111171},
}

@Article{Marcon2015b,
  author  = {Marcon, Eric},
  title   = {{Practical Estimation of Diversity from Abundance Data}},
  journal = {HAL archives-ouvertes},
  year    = {2015},
  pages   = {9},
}

@Article{Dauby2012,
  author  = {Dauby, Gilles and Hardy, Olivier J.},
  title   = {{Sampled-based estimation of diversity sensu stricto by transforming Hurlbert diversities into effective number of species}},
  journal = {Ecography},
  year    = {2012},
  volume  = {35},
  number  = {7},
  pages   = {661--672},
}

@Article{Fisher1943,
  author  = {Fisher, Author R a and Corbet, a Steven and Williams, C B},
  title   = {{The number of animals in a random sample of an animal population}},
  journal = {Journal of Animal Ecology},
  year    = {1943},
  volume  = {12},
  number  = {1},
  pages   = {42--58},
}

@Book{Magurran1988,
  title   = {{Ecological diversity and its measurement}},
  year    = {1988},
  author  = {Magurran, Anne E},
  address = {Princeton},
  edition = {NJ, Prince},
  pages   = {256},
}

@Article{Motomura1932,
  author   = {Motomura, I.},
  title    = {{On the statistical treatment of communities}},
  journal  = {Zoological Magazine},
  year     = {1932},
  volume   = {44},
  pages    = {379--383},
  language = {Japanese},
}

@Article{McGill2007,
  author  = {McGill, B. J. and Etienne, R. S. and Gray, J. S. and Alonso, D. and Anderson, M. J. and {Kassa Benecha}, H. and Dornelas, M. and Enquist, B. J. and Green, J. L. and He, F. and Hurlbert, A. H. and Magurran, A. E. and Marquet, P. A. and Maurer, B. A. and Ostling, A. and Soykan, C. U. and Ugland, K. I. and White, E. P.},
  title   = {{Species abundance distributions : moving beyond single prediction theories to integration within an ecological framework}},
  journal = {Ecology Letters},
  year    = {2007},
  volume  = {10},
  pages   = {995--1015},
}

@Article{Good1953,
  author  = {Good, I. J.},
  title   = {{The Population Frequency of Species and the Estimation of Population Parameters}},
  journal = {Biometrika},
  year    = {1953},
  volume  = {40},
  number  = {3/4},
  pages   = {237--264},
}

@Article{Tokeshi1993,
  author  = {Tokeshi, Mutsunori},
  title   = {{Species Abundance Patterns and Community Structure}},
  journal = {Advances in Ecological Research, Vol 24},
  year    = {1993},
  volume  = {24},
  pages   = {111--186},
}

@Book{Magurran2004,
  title     = {{Measuring Biological Diversity}},
  publisher = {Blackwell Science Ltd},
  year      = {2004},
  author    = {Magurran, A E},
  pages     = {256},
}

@Article{Perez-Harguindeguy2013,
  author  = {P{\'{e}}rez-Harguindeguy, N. and D{\'{i}}az, S. and Garnier, E. and Lavorel, S. and Poorter, H. and Jaureguiberry, P. and Bret-Harte, M. S. and Cornwell, W. K. and Craine, J. M. and Gurvich, D. E. and Urcelay, C. and Veneklaas, E. J. and Reich, P. B. and Poorter, L. and Wright, I. J. and Ray, P. and Enrico, L. and Pausas, J. G. and {De Vos}, A. C. and Buchmann, N. and Funes, G. and Qu{\'{e}}tier, F. and Hodgson, J. G. and Thompson, K. and Morgan, H. D. and {Ter Steege}, H. and {Van Der Heijden}, M. G A and Sack, L. and Blonder, B. and Poschlod, P. and Vaieretti, M. V. and Conti, G. and Staver, A. C. and Aquino, S. and Cornelissen, J. H C},
  title   = {{New handbook for standardised measurement of plant functional traits worldwide}},
  journal = {Australian Journal of Botany},
  year    = {2013},
  volume  = {61},
  pages   = {167--234},
}

@Article{Kattge2011,
  author  = {Kattge, J. and D{\'{i}}az, S. and Lavorel, S. and Prentice, I. C. and Leadley, P. and B{\"{o}}nisch, G. and Garnier, E. and Westoby, M. and Reich, P. B. and Wright, I. J. and Cornelissen, J. H C and Violle, C. and Harrison, S. P. and {Van Bodegom}, P. M. and Reichstein, M. and Enquist, B. J. and Soudzilovskaia, N. A. and Ackerly, D. D. and Wirth, C.},
  title   = {{TRY - a global database of plant traits}},
  journal = {Global Change Biology},
  year    = {2011},
  volume  = {17},
  number  = {9},
  pages   = {2905--2935},
}

@Article{Herault2011,
  author  = {H{\'{e}}rault, Bruno and Bachelot, B{\'{e}}n{\'{e}}dicte and Poorter, Lourens and Rossi, Vivien and Bongers, Frans and Chave, J{\'{e}}r{\^{o}}me and Paine, C. E Timothy and Wagner, Fabien and Baraloto, Christopher},
  title   = {{Functional traits shape ontogenetic growth trajectories of rain forest tree species}},
  journal = {Journal of Ecology},
  year    = {2011},
  volume  = {99},
  pages   = {1431--1440},
}

@Article{Chave2009,
  author  = {Chave, Jerome and Coomes, David and Jansen, Steven and Lewis, Simon L. and Swenson, Nathan G. and Zanne, Amy E.},
  title   = {{Towards a worldwide wood economics spectrum}},
  journal = {Ecology Letters},
  year    = {2009},
  volume  = {12},
  pages   = {351--366},
}

@Article{Valverde-Barrantes2017,
  author  = {Valverde-Barrantes, Oscar J. and Freschet, Gr{\'{e}}goire T. and Roumet, Catherine and Blackwood, Christopher B.},
  title   = {{A worldview of root traits: the influence of ancestry, growth form, climate and mycorrhizal association on the functional trait variation of fine-root tissues in seed plants}},
  journal = {New Phytologist},
  year    = {2017},
}

@Article{Reich1997,
  author  = {Reich, Peter B and Walters, Michael B and Ellsworth, David S},
  title   = {{From tropics to tundra: Global convergence in plant functioning}},
  journal = {Ecology},
  year    = {1997},
  volume  = {94},
  number  = {December},
  pages   = {13730--13734},
}

@Article{Sakschewski2016,
  author  = {Sakschewski, Boris and von Bloh, Werner and Boit, Alice and Poorter, Lourens and Pe{\~{n}}a-Claros, Marielos and Heinke, Jens and Joshi, Jasmin and Thonicke, Kirsten},
  title   = {{Resilience of Amazon forests emerges from plant trait diversity}},
  journal = {Nature Climate Change},
  year    = {2016},
  volume  = {1},
  number  = {August},
}

@Article{Mouillot2013a,
  author  = {Mouillot, David and Graham, Nicholas A J and Vill{\'{e}}ger, S{\'{e}}bastien and Mason, Norman W H and Bellwood, David R.},
  title   = {{A functional approach reveals community responses to disturbances}},
  journal = {Trends in Ecology and Evolution},
  year    = {2013},
  volume  = {28},
  number  = {3},
  pages   = {167--177},
  arxivid = {2072},
  eprint  = {2072},
}

@Article{Scheiter2013,
  author  = {Scheiter, Simon and Langan, Liam and Higgins, Steven I},
  title   = {{Next-generation dynamic global vegetation models: learning from community ecology}},
  journal = {The New phytologist},
  year    = {2013},
  volume  = {198},
  number  = {3},
  pages   = {957--69},
}

@Article{Mendes2008,
  author  = {Mendes, Renio S and Evangelista, Luiz R and Thomaz, Sidinei M and Agostinho, Angelo A},
  title   = {{A unifed index to measure ecological diversity and species rarity}},
  journal = {Ecography},
  year    = {2008},
  volume  = {31},
  number  = {February},
  pages   = {450--456},
}

@Article{Hill1973,
  author  = {Hill, M. O.},
  title   = {{Diversity and Evenness : A Unifying Notation and Its Consequences}},
  journal = {Ecological Society of America},
  year    = {1973},
  volume  = {54},
  number  = {2},
  pages   = {427--432},
}

@Article{Shannon1948,
  author  = {Shannon, C. E.},
  title   = {{A Mathematical Theory of Communication}},
  journal = {The Bell System Technical Journal},
  year    = {1948},
  volume  = {27},
  number  = {379-423},
  pages   = {623--656},
}

@Article{Simpson1949,
  author  = {Simpson, E. H.},
  title   = {{Measurement of Diversity}},
  journal = {Nature},
  year    = {1949},
  volume  = {163},
  number  = {4148},
  pages   = {688},
}

@Article{Whittaker1965,
  author  = {Whittaker, R. H.},
  title   = {{Dominance and diversity in land plant communities: numerical relations of species express the importance of competition in community function and evolution}},
  journal = {Science},
  year    = {1965},
  volume  = {147},
  number  = {3655},
  pages   = {250--260},
}

@InProceedings{Loreau2005,
  author    = {Loreau, M.},
  title     = {{Actes de la Conf{\'{e}}rence Internationale Biodiversit{\'{e}}, Science et Gouvernance}},
  booktitle = {Discours de Cl{\^{o}}ture},
  year      = {2005},
  pages     = {254--256},
  publisher = {IRD Editions},
}

@Book{Sterner2002,
  title     = {Ecological stoichiometry: the biology of elements from molecules to the biosphere},
  publisher = {Princeton University Press},
  year      = {2002},
  author    = {Sterner, Robert Warner and Elser, James J},
}

@Article{Power1996,
  author  = {Power, Mary E and Tilman, David and Estes, James A and Menge, Bruce A and Bond, William J and Mills, Scott and Daily, Gretchen and Castilla, Juan Carlos and Lubchenco, Jane and Paine, Robert T and Power, Mary E and Tilman, David and Estes, James A and Menge, Bruce A and Bond, William J and Mills, L Scott and Daily, Gretchen and Castilla, Juan Carlos and Lubchenco, Jane and Paine, Robert T},
  title   = {{Challenges in the Quest for Keystones}},
  journal = {Bioscience},
  year    = {1996},
  volume  = {46},
  number  = {8},
  pages   = {609--620},
}

@Article{Gardner2007,
  author  = {Gardner, Toby A. and Barlow, Jos and Parry, Luke W. and Peres, Carlos A.},
  title   = {{Predicting the uncertain future of tropical forest species in a data vacuum}},
  journal = {Biotropica},
  year    = {2007},
  volume  = {39},
  number  = {1},
  pages   = {25--30},
}

@InCollection{Jones1994,
  author    = {Jones, Clive G and Lawton, John H and Shachak, Moshe},
  title     = {Organisms as ecosystem engineers},
  booktitle = {Ecosystem management},
  publisher = {Springer},
  year      = {1994},
  pages     = {130--147},
}
{Mittermeier2003,
author = {Mittermeier, R. A. and Mittermeier, C. G. and Brooks, T. M. and Pilgrim, J. D. and Konstant, W. R. and da Fonseca, G. A. B. and Kormos, C.},
doi = {10.1073/pnas.1732458100},
journal = {Proceedings of the National Academy of Sciences},
number = {18},
pages = {10309--10313}
title = {{Wilderness and biodiversity conservation}},
volume = {100},
year = {2003}
}

@Article{Myers2000,
  author       = {Myers, Norman and Mittermeier, Russell A. and Mittermeier, Cristina G. and da Fonseca, Gustavo A. B. and Kent, Jennifer},
  title        = {{Biodiversity hotspots for conservation priorities}},
  journal      = {Nature},
  year         = {2000},
  volume       = {403},
  number       = {6772},
  pages        = {853--858},
  arxivid      = {gr-qc/0208024},
  primaryclass = {gr-qc},
}

@TechReport{FAO2011,
  author  = {FAO, ITTO},
  title   = {{The state of forests in the Amazon Basin, Congo Basin and Southest Asia}},
  year    = {2011},
  address = {Rome (italy)},
  pages   = {80},
}

@Article{Asner2009,
  author  = {Asner, Gregory P. and Rudel, Thomas K. and Aide, T. Mitchell and Defries, Ruth and Emerson, Ruth},
  title   = {{A contemporary assessment of change in humid tropical forests}},
  journal = {Conservation Biology},
  year    = {2009},
  volume  = {23},
  number  = {6},
  pages   = {1386--1395},
}

@Article{Gentry1988,
  author  = {Gentry, Alwyn H.},
  title   = {{Changes in Plant Community Diversity and Floristic Composition on Environmental and Geographical Gradients}},
  journal = {Annals of the Missouri Botanical Garden},
  year    = {1988},
  volume  = {75},
  number  = {1},
  pages   = {1--34},
}

@TechReport{FAO2014,
  author      = {FAO},
  title       = {{State of the World's Forests (SOFO)}},
  institution = {Food and Agriculture Organization of the United Nations},
  year        = {2014},
  address     = {Rome},
}

@TechReport{CBDdiversity2011,
  author = {Secretariat of the Convention on Biological Diversity and GmbH, Deutsche Gesellschaft f{\"{u}}r Internationale Zusammenarbeit (giz)},
  title  = {{Biodiversity and Livelihoods REDD-plus Benefits}},
  year   = {2011},
  pages  = {44},
}

@Article{Isbell2017,
  author  = {Isbell, Forest and Gonzalez, Andrew and Loreau, Michel and Cowles, Jane and D{\'{i}}az, Sandra and Hector, Andy and MacE, Georgina M. and Wardle, David A. and O'Connor, Mary I. and Duffy, J. Emmett and Turnbull, Lindsay A. and Thompson, Patrick L. and Larigauderie, Anne},
  title   = {{Linking the influence and dependence of people on biodiversity across scales}},
  journal = {Nature},
  year    = {2017},
  volume  = {546},
  number  = {7656},
  pages   = {65--72},
}

@Article{Malhi2008,
  author    = {Malhi, Yadvinder and Roberts, J Timmons and Betts, Richard A and Killeen, Timothy J and Li, Wenhong and Nobre, Carlos A},
  title     = {Climate change, deforestation, and the fate of the Amazon},
  journal   = {science},
  year      = {2008},
  volume    = {319},
  number    = {5860},
  pages     = {169--172},
  publisher = {American Association for the Advancement of Science},
}

@Article{Roy2017,
  author    = {Roy, David P and Kumar, Sanath Sathyachandran},
  title     = {Multi-year MODIS active fire type classification over the Brazilian Tropical Moist Forest Biome},
  journal   = {International Journal of Digital Earth},
  year      = {2017},
  volume    = {10},
  number    = {1},
  pages     = {54--84},
  publisher = {Taylor \& Francis},
}

@Article{Pan2011,
  author    = {Pan, Yude and Birdsey, Richard A and Fang, Jingyun and Houghton, Richard and Kauppi, Pekka E and Kurz, Werner A and Phillips, Oliver L and Shvidenko, Anatoly and Lewis, Simon L and Canadell, Josep G and others},
  title     = {A large and persistent carbon sink in the world’s forests},
  journal   = {Science},
  year      = {2011},
  pages     = {1201609},
  publisher = {American Association for the Advancement of Science},
}

@TechReport{FRA2015,
  author      = {{Forestry Department}},
  title       = {{Forest Resources Assessment 2015}},
  institution = {Food and Agriculture Organization of the United Nations (FAO)},
  year        = {2015},
  pages       = {54},
}

@TechReport{FRA2000,
  author = {{Forestry Department of the Food and Agriculture Organization of the United Nations}},
  title  = {{Forest Resources Assessment 2000}},
  year   = {2000},
  pages  = {140},
}

@Article{Morales-Hidalgo2015,
  author    = {Morales-Hidalgo, David and Oswalt, Sonja N. and Somanathan, E.},
  title     = {{Status and trends in global primary forest, protected areas, and areas designated for conservation of biodiversity from the Global Forest Resources Assessment 2015}},
  journal   = {Forest Ecology and Management},
  year      = {2015},
  volume    = {352},
  publisher = {Elsevier B.V.},
}

@Article{Hansen2013,
  author    = {Hansen, Matthew C and Potapov, Peter V and Moore, Rebecca and Hancher, Matt and Turubanova, SAa and Tyukavina, Alexandra and Thau, David and Stehman, SV and Goetz, SJ and Loveland, TR and others},
  title     = {High-resolution global maps of 21st-century forest cover change},
  journal   = {science},
  year      = {2013},
  volume    = {342},
  number    = {6160},
  pages     = {850--853},
  publisher = {American Association for the Advancement of Science},
}

@InCollection{Schlaepfer2000,
  author    = {Schlaepfer, Rodolphe and Elliott, Chris},
  title     = {Ecological and landscape considerations in forest management: the end of forestry?},
  booktitle = {Sustainable forest management},
  publisher = {Springer},
  year      = {2000},
  pages     = {1--67},
}

@Article{Dirzo2003a,
  author  = {Dirzo, R and Raven, P H},
  title   = {{Global State of Biodiversity and Loss}},
  journal = {Annual Review of Environment and Resources},
  year    = {2003},
  volume  = {28},
  number  = {1},
  pages   = {137--167},
}

@Article{Vitousek1997,
  author    = {Vitousek, Peter M and Mooney, Harold A and Lubchenco, Jane and Melillo, Jerry M},
  title     = {Human domination of Earth's ecosystems},
  journal   = {Science},
  year      = {1997},
  volume    = {277},
  number    = {5325},
  pages     = {494--499},
  publisher = {American Association for the Advancement of Science},
}

@Article{Wright2005,
  author  = {Wright, S. Joseph},
  title   = {{Tropical forests in a changing environment}},
  journal = {Trends in Ecology and Evolution},
  year    = {2005},
  volume  = {20},
  number  = {10},
  pages   = {553--560},
}

@Book{xie2015,
  title     = {Dynamic Documents with {R} and knitr},
  publisher = {Chapman and Hall/CRC},
  year      = {2015},
  author    = {Yihui Xie},
  address   = {Boca Raton, Florida},
  edition   = {2nd},
}

@Article{Pachauri2014,
  author    = {Pachauri, R and Meyer, L},
  title     = {Climate change 2014: Synthesis report. fifth assessment report of the intergovernmental panel on climate change},
  journal   = {Tech. Rep.},
  year      = {2014},
  publisher = {IPCC},
}

@TechReport{FAO2009,
  author      = {FAO},
  title       = {{Situation des For{\^{e}}ts du monde}},
  institution = {Organisation des Nations Unies pour l'alimentation et l'agriculture},
  year        = {2014},
  address     = {Rome},
}

@Article{Lavorel2002,
  author  = {Lavorel, S and Garnier, {\'{E}}ric},
  title   = {{Predicting changes in community composition and ecosystem functioning from plant traits:}},
  journal = {Functional Ecology},
  year    = {2002},
  volume  = {16},
  number  = {5},
  pages   = {545--556},
}

@Article{Dufour2012,
  author    = {Dufour-Kowalski, Samuel and Courbaud, Beno{\^\i}t and Dreyfus, Philippe and Meredieu, C{\'e}line and De Coligny, Fran{\c{c}}ois},
  title     = {Capsis: an open software framework and community for forest growth modelling},
  journal   = {Annals of forest science},
  year      = {2012},
  volume    = {69},
  number    = {2},
  pages     = {221--233},
  publisher = {Springer},
}

@Misc{Verdu2005,
  author    = {Verd{\'{u}}, M. and Traveset, A.},
  title     = {{Early emergence enhances plant fitness: A phylogenetically controlled meta-analysis}},
  year      = {2005},
  booktitle = {Ecology},
  number    = {6},
  pages     = {1385--1394},
  volume    = {86},
}

@Article{Porte2002,
  author    = {Port{\'e}, A and Bartelink, HH},
  title     = {Modelling mixed forest growth: a review of models for forest management},
  journal   = {Ecological modelling},
  year      = {2002},
  volume    = {150},
  number    = {1-2},
  pages     = {141--188},
  publisher = {Elsevier},
}

@Article{Gourlet-Fleury2005,
  author  = {Gourlet-Fleury, Sylvie and Cornu, Guillaume and J{\'{e}}sel, S{\'{e}}bastien and Dessard, H{\'{e}}l{\`{e}}ne and Jourget, J. G. and Blanc, Lilian and Picard, Nicolas},
  title   = {{Using models to predict recovery and assess tree species vulnerability in logged tropical forests: A case study from French Guiana}},
  journal = {Forest Ecology and Management},
  year    = {2005},
  volume  = {209},
  number  = {1-2},
  pages   = {69--85},
}

@Article{Grimm2017,
  author    = {Grimm, Volker and Ayll{\'o}n, Daniel and Railsback, Steven F},
  title     = {Next-generation individual-based models integrate biodiversity and ecosystems: yes we can, and yes we must},
  journal   = {Ecosystems},
  year      = {2017},
  volume    = {20},
  number    = {2},
  pages     = {229--236},
  publisher = {Springer},
}

@Article{Piponiot2016,
  author  = {Piponiot, Camille and Sist, Plinio and Mazzei, Lucas and Pe{\~{n}}a-Claros, Marielos and Putz, Francis E. and Rutishauser, Ervan and Shenkin, Alexander and Ascarrunz, Nataly and de Azevedo, Celso P. and Baraloto, Christopher and Fran{\c{c}}a, Mabiane and Guedes, Marcelino Carneiro and Coronado, Eur{\'{i}}dice N.Honorio and D'Oliveira, Marcus V.N. and Ruschel, Ademir R. and da Silva, Katia Emidio and Sotta, Eleneide Doff and de Souza, Cintia R. and Vidal, Edson and West, Thales A.P. and H{\'{e}}rault, Bruno},
  title   = {{Carbon recovery dynamics following disturbance by selective logging in amazonian forests}},
  journal = {eLife},
  year    = {2016},
  volume  = {5},
}

@Article{Kunstler2016,
  author    = {Kunstler, Georges and Falster, Daniel and Coomes, David A. and Hui, Francis and Kooyman, Robert M. and Laughlin, Daniel C. and Poorter, Lourens and Vanderwel, Mark and Vieilledent, Ghislain and Wright, S. Joseph and Aiba, Masahiro and Baraloto, Christopher and Caspersen, John and Cornelissen, J. Hans C. and Gourlet-Fleury, Sylvie and Hanewinkel, Marc and Herault, Bruno and Kattge, Jens and Kurokawa, Hiroko and Onoda, Yusuke and Pe{\~{n}}uelas, Josep and Poorter, Hendrik and Uriarte, Maria and Richardson, Sarah and Ruiz-Benito, Paloma and Sun, I. Fang and St{\aa}hl, G{\"{o}}ran and Swenson, Nathan G. and Thompson, Jill and Westerlund, Bertil and Wirth, Christian and Zavala, Miguel A. and Zeng, Hongcheng and Zimmerman, Jess K. and Zimmermann, Niklaus E. and Westoby, Mark},
  title     = {{Plant functional traits have globally consistent effects on competition}},
  journal   = {Nature},
  year      = {2016},
  volume    = {529},
  number    = {7585},
  pages     = {204--207},
  publisher = {Nature Publishing Group},
}

@Article{Diaz2005,
  author  = {D{\'{i}}az, Sandra and Tilman, D and Fargione, J and {Chapin III}, F. Stuart and Dirzo, Rodolfo and Kitzberger, T and Gemmill, B and Zobel, M and Vil{\`{a}}, M and Mitchell, C and Wilby, A and Daily, Gretchen C. and Galetti, M and Laurance, William F. and Pretty, J and Naylor, R and Power, A and Harvell, A and Potts, S and Kremen, C and Griswold, T and Eardley, C},
  title   = {{Biodiversity Regulation of Ecosystem Services}},
  journal = {Trends and conditions},
  year    = {2005},
  pages   = {297--329},
}

@Article{Durrieu1998,
  author    = {Durrieu De Madron, Luc and Forni, Eric and Karsenty, Alain and Loffeier, Martin Eric and Pierre, Jean-Michel},
  title     = {Le projet d'am{\'e}nagement pilote int{\'e}gr{\'e} de Dimako, Cameroun},
  year      = {1998},
  publisher = {CIRAD-For{\^e}t},
}

@Article{Guitet2018,
  author  = {Guitet, St{\'{e}}phane and Sabatier, Daniel and Brunaux, Olivier and Couteron, Pierre and Denis, Thomas and Freycon, Vincent and Gonzalez, Sophie and H{\'{e}}rault, Bruno and Jaouen, Ga{\"{e}}lle and Molino, Jean-Fran{\c{c}}ois and P{\'{e}}lissier, Rapha{\"{e}}l and Richard-Hansen, C{\'{e}}cile and Vincent, Gr{\'{e}}goire},
  title   = {{Disturbance regimes drive the diversity of regional floristic pools across Guianan rainsforest landscapes}},
  journal = {Scientific Reports},
  year    = {2018},
  volume  = {8},
  number  = {1},
  pages   = {3872},
}

@Article{Connell1978,
  author    = {Connell, Joseph H},
  title     = {Diversity in tropical rain forests and coral reefs},
  journal   = {Science},
  year      = {1978},
  volume    = {199},
  number    = {4335},
  pages     = {1302--1310},
  publisher = {American Association for the Advancement of Science},
}

@Article{Bellwood2006,
  author  = {Bellwood, D.R and Wainwright, P.C and Fulton, C.J and Hoey, A.S},
  title   = {{Functional versatility supports coral reef biodiversity}},
  journal = {Proceedings of the Royal Society B: Biological Sciences},
  year    = {2006},
  volume  = {273},
  number  = {1582},
  pages   = {101--107},
}

@Article{Fukami2005,
  author  = {Fukami, Tadashi and Bezemer, T. Martijn and Mortimer, Simon R. and {Van Der Putten}, Wim H.},
  title   = {{Species divergence and trait convergence in experimental plant community assembly}},
  journal = {Ecology Letters},
  year    = {2005},
  volume  = {8},
  number  = {12},
  pages   = {1283--1290},
}

@Article{Falster2011,
  author  = {Falster, Daniel S. and Br{\"{a}}nnstr{\"{o}}m, {\AA}ke and Dieckmann, Ulf and Westoby, Mark},
  title   = {{Influence of four major plant traits on average height, leaf-area cover, net primary productivity, and biomass density in single-species forests: A theoretical investigation}},
  journal = {Journal of Ecology},
  year    = {2011},
  volume  = {99},
  number  = {1},
  pages   = {148--164},
}

@Article{Lawton1988,
  author    = {Lawton, Robert O and Putz, Francis E},
  title     = {Natural disturbance and gap-phase regeneration in a wind-exposed tropical cloud forest},
  journal   = {Ecology},
  year      = {1988},
  volume    = {69},
  number    = {3},
  pages     = {764--777},
  publisher = {Wiley Online Library},
}

@Article{Herault2018,
  author    = {H{\'{e}}rault, Bruno and Piponiot, Camille},
  title     = {{Key drivers of ecosystem recovery after disturbance in a neotropical forest}},
  journal   = {Forest Ecosystems},
  year      = {2018},
  volume    = {5},
  number    = {1},
  pages     = {2},
  publisher = {Forest Ecosystems},
}

@Article{Rutishauser2016,
  author  = {Rutishauser, Ervan and H{\'{e}}rault, Bruno and Petronelli, Pascal and Sist, Plinio},
  title   = {{Tree Height Reduction After Selective Logging in a Tropical Forest}},
  journal = {Biotropica},
  year    = {2016},
  volume  = {48},
  number  = {3},
  pages   = {285--289},
}

@Article{Gourlet-Fleury2000,
  author  = {Gourlet-Fleury, Sylvie and Houllier, Fran{\c{c}}ois},
  title   = {{Modelling diameter increment in a lowland evergreen rain forest in French Guiana}},
  journal = {Forest Ecology and Management},
  year    = {2000},
  volume  = {131},
  number  = {1-3},
  pages   = {269--289},
}

@Article{Gotelli2001,
  author    = {Gotelli, Nicholas J and Colwell, Robert K},
  title     = {Quantifying biodiversity: procedures and pitfalls in the measurement and comparison of species richness},
  journal   = {Ecology letters},
  year      = {2001},
  volume    = {4},
  number    = {4},
  pages     = {379--391},
  publisher = {Wiley Online Library},
}

@Article{Liu2015,
  author    = {Liu, Jianguo and Mooney, Harold and Hull, Vanessa and Davis, Steven J and Gaskell, Joanne and Hertel, Thomas and Lubchenco, Jane and Seto, Karen C and Gleick, Peter and Kremen, Claire and others},
  title     = {Systems integration for global sustainability},
  journal   = {Science},
  year      = {2015},
  volume    = {347},
  number    = {6225},
  pages     = {1258832},
  publisher = {American Association for the Advancement of Science},
}

@Article{Mittermeier2003,
  author  = {Mittermeier, R. A. and Mittermeier, C. G. and Brooks, T. M. and Pilgrim, J. D. and Konstant, W. R. and da Fonseca, Gustavo A. B. and Kormos, C.},
  title   = {{Wilderness and biodiversity conservation}},
  journal = {Proceedings of the National Academy of Sciences},
  year    = {2003},
  volume  = {100},
  number  = {18},
  pages   = {10309--10313},
}

@Comment{jabref-meta: databaseType:bibtex;}
